2198 3720
139 239 178 278 cc.
198 219 244 291 31,
263 216 314 300 35]
339 216 517 277 BELLVM
544 215 785 278 CATILINAE.
933 203 989 275 '29
1045 211 1049 219 ’

138 366 260 424 adhaec
276 367 309 436 Q.
327 366 459 423 Marcius
473 365 632 442 respondit,
647 365 746 441 siquid
762 364 801 423 ab
820 369 926 422 senatu
941 383 988 441 pc
1001 361 1047 439 '34

137 472 199 522 tere
213 464 333 535 vellent,
349 463 386 520 ab
408 462 498 520 armis
517 462 677 536 discedant,
694 462 822 520 Romam
843 461 989 538 supplices

135 563 375 639 proficiscantur:
397 582 432 620 ca
446 561 672 620 mansuetudine
685 566 776 638 etque
789 560 989 618 misericordia

136 668 272 719 senatum
299 661 403 738 populi
430 660 561 719 Romani
583 680 698 737 semper
720 659 821 732 fuisse,
846 664 883 716 ut
902 679 988 717 nemo

111 785 122 820 ⁵
136 778 275 834 umquam
290 759 329 816 ab
343 777 377 816 eo
388 757 500 815 frustra
513 757 661 815 auxilium
675 757 824 834 petiverit.

196 857 241 912 At
263 855 393 913 Catilina
416 874 454 911 ex
476 854 583 912 itinere
603 854 752 930 plerisque
774 853 1013 926 consrrlaribu8‚s

135 959 287 1028 praeterea
308 959 430 1029 optumo
455 954 560 1030 cuique
582 952 699 1032 litteras
721 953 825 1024 mittit,
851 973 881 1012 se
904 953 987 1011 ialsis

135 1036 308 1110 criminibus
328 1054 572 1123 circumventum,
593 1052 732 1135 quoniam
751 1051 874 1110 factioni
890 1052 987 1110 inimi-

135 1168 235 1206 corum
256 1149 391 1207 resistcre
409 1149 585 1226 nequiverit,
601 1149 738 1224 fortunae
758 1149 868 1220 cedere,
883 1149 987 1230 Massi·

99 1277 124 1303 10
134 1247 204 1304 liam
219 1248 251 1304 in
265 1248 389 1305 exilium
403 1248 554 1325 proficisci,
565 1268 625 1306 non
639 1236 697 1326 quo
711 1249 769 1306 sibi
784 1249 986 1307 tantisoeleris

135 1348 267 1404 conscius
296 1352 380 1418 esset,
403 1347 454 1404 sed
485 1347 531 1404 uti
563 1367 609 1407 res
637 1347 756 1422 publica
784 1348 885 1424 quieta
908 1346 986 1406 foret
1072 1341 1074 1345 ¹

133 1463 208 1502 neve
230 1464 268 1501 ex
290 1464 344 1501 sua
368 1444 558 1501 contentione
577 1443 683 1502 seditio
706 1450 848 1502 oreretur.
884 1445 922 1502 ab
938 1444 1010 1506 hist

133 1541 219 1617 longe
238 1541 371 1616 divorsas
389 1540 505 1598 litteras
525 1541 560 1610 Q.
584 1540 711 1599 Catulus
732 1541 764 1599 in
785 1548 892 1600 senatu
914 1544 985 1601 rcci-

133 1641 220 1708 tavit‚
234 1659 308 1717 quas
324 1639 381 1697 sibi
401 1639 521 1698 nomine
543 1639 690 1698 Catilinae
711 1640 843 1699 redditas
857 1642 981 1700 dicebat.

97 1762 120 1799 ις
133 1759 234 1796 aarum
255 1738 423 1814 exemplum
437 1738 516 1796 inira
530 1737 674 1814 scriptum
688 1740 740 1797 esa
762 1735 767 1818 l
787 1738 837 1797 ‘L.
854 1738 985 1798 (latilina
997 1735 1041 1804 35

133 1837 166 1906 Q.
185 1836 299 1895 Catule.
344 1847 552 1930 efflue
473 1837 614 1914 tfides
627 1857 659 1894 re
673 1822 799 1936 co-mgnita,
814 1844 898 1915 grata
909 1839 983 1897 mihi

132 1935 247 2012 magnis
267 1936 300 1993 in
316 1936 389 1994 meis
407 1935 554 2013 periculis,
576 1910 791 1993 fiduciam
735 1936 983 1995 commendationi

132 2051 212 2090 meae
226 2034 340 2090 tribuit.
386 2052 473 2109 quem
493 2033 530 2090 ob
551 2052 614 2090 rem
635 2032 864 2091 defensionem'
855 2053 888 2091 1n
905 2054 1007 2093 novos

132 2131 253 2188 consilio
268 2151 326 2189 non
344 2132 439 2189 statui
455 2151 568 2208 parare,
588 2132 821 2191 satisfactionem
840 2151 879 2191 ex
899 2133 982 2192 nulla

94 2229 311 2286 200011801611113
332 2229 368 2285 de
385 2228 472 2304 culpa
489 2248 652 2306 proponere
674 2228 797 2301 decrevi,
813 2249 903 2307 quam
923 2250 981 2288 me-

131 2326 287 2385 diusfidius
301 2346 401 2384 veram
416 2327 486 2384 licet
500 2346 663 2403 cognoscas.
697 2327 815 2385 iniuriis
830 2335 980 2386 contume-
995 2348 1005 2383 s

129 2423 235 2500 liisquc
244 2423 415 2498 concitatus,
428 2423 507 2501 quod
520 2423 623 2481 fructu
637 2424 745 2482 laboris
758 2424 981 2503 industriaeque

129 2522 694 2616 ωφριθωρῄγᾳξυεηεῇξᾳὴιέ1115111111ξὶ1
715 2543 775 2581 non
800 2525 979 2600 optinebam,
1004 2530 1006 2534 “

128 2620 276 2695 publicam
291 2620 465 2679 miscrorum
480 2641 597 2678 causam
612 2641 665 2698 pro
681 2641 744 2680 mea
766 2622 979 2680 consuetudine

178 2825 192 2871 1
226 2823 524 2891 respondetzfflietsclr)

177 2906 208 2952 12
242 2904 543 2956 orereturPorireturO

108 2976 111 2984 ’
177 2987 208 3034 15
242 2986 259 3034 1.
283 2986 389 3036 catilina
411 2987 523 3035 salutem
541 2985 605 3036 dicit
625 3002 649 3049 q.
670 2987 756 3037 catulo
778 2989 823 3037 VP
842 2987 895 3054 (but
911 2990 940 3038 in
954 2989 978 3038 P

127 3066 237 3116 salutem
245 3065 308 3116 dicit
316 3069 339 3116 ic
348 3069 449 3117 written
456 3081 514 3116 over
524 3069 564 3117 tte
576 3067 636 3134 line)
650 3067 759 3118 sulutem
770 3066 832 3118 dicit
840 3070 864 3118 ia
874 3072 977 3119 mnttted

128 3148 158 3210 by
170 3161 233 3196 sonte
247 3147 275 3205 0,
287 3138 369 3196 o'thera
382 3149 444 3196 dccc
456 3161 503 3196 suo
514 3149 614 3196 iratead

176 3227 207 3276 16
240 3230 314 3289 grate
333 3226 399 3275 mihi
416 3243 461 3276 om.
483 3228 598 3279 Schenkl.
628 3236 728 3289 erutam
752 3227 879 3291 (omitting
899 3228 974 3290 mihi)

125 3311 214 3357 Kortte
712 3301 715 3307 ⁴

176 3389 205 3439 17
239 3389 267 3437 in
278 3388 493 3452 magnismeisl'
