2198 3720
87 258 110 300 ο.
127 235 177 319 ιι]
287 236 464 295 saturn
488 233 732 297 carrarum.
899 232 933 293 31

87 387 186 457 beant,
201 384 355 442 Antonius
376 403 444 442 cum
464 383 599 442 exercitu
621 382 782 441 Catilinam
802 382 939 459 persequi

88 486 227 553 maturet,
250 481 353 540 Cicero
373 482 442 540 urbi
462 481 611 558 praesidio
632 482 681 540 sit.

149 580 193 637 Ea
213 584 391 656 tempestate
412 578 486 636 mihi
506 578 664 654 imperium
684 579 788 656 populi
810 575 964 644 Romani4

88 676 184 734 multo
204 695 343 734 maxume
362 671 529 734 miserabile
545 675 644 733 visum
663 681 715 734 est
760 675 888 734 cuicum
904 675 941 733 ad

65 792 223 832 soccasum
244 773 372 830 abortu
393 772 463 830 solis
484 771 584 829 omnia
608 771 722 830 domita
745 773 835 830 armis
858 792 941 850 pare-

90 874 165 943 rent,
181 869 262 927 domi
282 869 376 926 otium
398 875 488 945 atque
508 867 641 943 divitiae,
657 888 733 946 quae
751 869 848 946 prima
868 889 943 927 mor-

91 967 165 1026 tales
191 971 310 1044 putant,
339 966 511 1038 adfluerent,
540 964 625 1023 fuere
652 971 754 1023 tamen
785 966 864 1024 cives
891 965 944 1044 qui
981 934 1055 1041 ‚pix

91 1084 179 1141 seque
194 1082 314 1139 remque
328 1062 478 1140 publicam
492 1061 651 1138 opstinatis
669 1062 777 1120 animis
792 1052 965 1139 perditum!

91 1163 177 1220 irent
224 1178 353 1236 namque
380 1159 496 1216 duobus
513 1158 609 1216 senati
638 1157 765 1216 decretis
793 1179 830 1217 ex
857 1163 968 1224 tantas

58 1258 287 1317 wmultitudine
300 1276 396 1353 neque
410 1257 542 1334 praemio
555 1256 697 1316 inductus
727 1257 945 1368 animationem

93 1357 275 1433 patefecerat
302 1375 398 1433 neque
429 1375 467 1413 ex
496 1355 600 1414 castris
621 1356 769 1415 Catilinae
790 1332 944 1455 quisenta

94 1456 225 1513 omnium
254 1455 441 1512 discesserat:
470 1460 557 1512 tanta
584 1455 631 1513 vis
661 1455 758 1515 morbi
785 1474 820 1513 ac
852 1455 946 1512 veluti

94 1553 177 1610 tabes
197 1551 352 1627 plerosque
373 1551 484 1608 civium
509 1538 622 1609 animos
650 1552 807 1610 invaserat.
849 1571 946 1628 neque
959 1546 1002 1617 37

56 1638 191 1841 julum
213 1650 273 1707 illis
293 1650 392 1707 aliena
421 1669 506 1708 mens
534 1656 608 1723 erat,
638 1651 691 1727 qui
719 1651 831 1708 conscii
848 1650 947 1708 coniu-

61 1775 70 1800 1
96 1746 218 1804 rationis
239 1745 367 1817 fuerant,
390 1747 442 1803 sed
463 1748 583 1804 omnino
605 1752 714 1804 cuncta
734 1747 835 1823 plebes
857 1767 946 1806 nova-

96 1863 162 1901 rum
198 1862 298 1900 rerum
336 1842 436 1900 studio
466 1843 613 1902 Catilinae
646 1845 765 1920 incepta
793 1845 943 1923 probabat

95 1942 127 1999 id
148 1941 221 1998 adeo
242 1960 322 1998 more
343 1961 396 1999 suo
417 1942 576 2000 videbatur
595 1943 697 2000 facere.
741 1962 810 2000 nam
832 1962 996 2019 semper23

96 2041 128 2098 in
149 2040 272 2098 civitate
286 2041 394 2117 quibus
409 2060 479 2118 opes
491 2040 681 2099 nullae'sunt
697 2040 783 2098 bonis
801 2041 946 2115 invident,

98 2136 189 2195 malos
210 2137 368 2211 extollunt,
383 2143 485 2196 vetera
505 2137 602 2210 odere,
617 2157 694 2196 nova
714 2143 866 2214 exoptant,
882 2139 948 2196 odio
995 2124 998 2130 ¹

63 2259 88 2285 20
98 2253 218 2292 suarum
231 2205 463 2346 rerumlmutari
483 2238 583 2292 onmia
603 2235 734 2308 student,
750 2236 838 2293 turba
859 2243 949 2314 atque

99 2331 293 2390 seditionibus
321 2352 384 2391 sme
415 2353 485 2391 cura
513 2334 644 2408 aluntur,
667 2335 806 2411 quoniam
836 2341 949 2411 egestas

62 2443 63 2447 ’
98 2429 184 2488 facile
204 2429 332 2488 habetur
352 2430 416 2489 sine
437 2431 552 2491 damno.
597 2433 648 2490 sed
668 2433 782 2490 urbana
802 2432 902 2508 plebes
916 2451 974 2499 ea4

99 2547 169 2586 vero
188 2546 327 2604 praeceps
348 2533 412 2586 erat
431 2528 469 2586 de
482 2529 586 2587 multis
600 2530 703 2590 causis.
746 2529 875 2606 primum
890 2549 975 2600 om-5

99 2628 191 2702 nium,
208 2628 260 2704 qui
273 2626 384 2703 ubique
397 2629 505 2704 probro
520 2635 609 2704 atque
630 2629 797 2704 petulantia
813 2647 951 2687 maxume

65 2751 88 2786 ιε
100 2723 300 2800 praestabant,
315 2723 387 2781 item
407 2725 459 2781 alii
477 2725 529 2802 qui
543 2744 596 2800 per
609 2724 752 2782 dedecora
765 2725 952 2802 patrimoniis

150 2952 165 3001 9
199 2948 282 2998 senati
308 2948 389 2998 PP¹0
419 2946 483 3014 (one)
515 2949 646 2998 Charisius
679 2948 793 3016 (quocica
820 2951 866 3014 sor
896 2953 952 3000 that

114 3049 127 3081 ο

97 3033 182 3162 mid
215 3127 245 3163 ac
263 3102 344 3164 veluti
360 3115 450 3178 Haupt
471 3116 549 3176 atque
566 3113 606 3164 uti
622 3115 668 3194 Pd
685 3113 848 3179 (Nipperdey)
869 3112 953 3163 morbi

101 3195 163 3252 erat,
176 3207 242 3254 quae
252 3193 292 3243 uti
303 3193 376 3243 tabes
387 3195 519 3244 Bursian!
537 3193 660 3260 (Dictaea)

151 3275 181 3323 1·5
215 3273 301 3337 plebes
312 3274 358 3323 ΡΟ
368 3273 473 3337 plebsO
1060 3347 1064 3352 ,

150 3357 181 3404 25
216 3353 260 3416 qui
271 3355 316 3404 Po
333 3353 370 3421 (iu
381 3354 413 3403 P1
425 3371 481 3404 over
494 3356 534 3404 the
547 3356 607 3420 lirae)
625 3369 671 3405 ora.
691 3368 708 3401 a
720 3355 771 3419 {ew
788 3355 823 3403 Ga
841 3357 880 3415 tec
895 3360 963 3400 nessa

102 3434 207 3497 editors)
