2198 3720
126 204 148 244 e.
165 181 216 264 58]
324 183 500 240 BELLVM
526 182 769 241 CATILINAE.
925 183 975 243 e?

124 324 193 388 uem
207 330 396 408 patefactam,
412 329 449 387 de
464 329 593 389 Lentulo
607 335 639 388 et
652 328 784 406 Cethego
803 330 976 407 ceterisque,

127 447 200 505 quos
217 437 308 503 supra
327 425 498 496 memoravi,
518 424 697 502 supplicium
713 432 875 502 sumptum,
889 425 977 502 pleri·
1054 485 1057 491 ,

127 543 192 602 que,
207 543 280 600 quos
301 523 338 581 ed
359 523 470 580 bellum
488 542 556 598 spes
574 523 746 600 rapinarum
764 530 820 582 aut
832 543 978 582 novarum

125 641 225 679 rerum
238 621 373 679 studium
386 620 543 693 inlexerat,
558 620 742 695 dilabuntur,
755 622 885 699 reliquos
900 622 979 682 Cati-

101 719 188 783 sliua
200 738 253 796 per
266 720 376 778 montis
390 739 509 796 asperos
523 720 639 796 magnis
653 720 811 779 itineribus
825 721 858 778 in
872 740 976 798 agrum

126 815 337 874 Pistoriensem
357 815 480 873 abducit
499 835 534 874 eo
555 815 688 889 oonsilio,
703 816 751 874 uti
769 835 824 893 per
841 817 979 874 tramites

126 911 239 969 occulte
262 911 434 987 perfugeret
460 911 494 969 in
523 910 652 969 Calliam
679 912 903 989 transalpinam.
946 920 1004 972 at2

127 1009 160 1079 Q,
185 1009 327 1067 Metellus
352 1010 437 1068 Celer
461 1029 528 1067 eum
549 1010 647 1068 tribus
667 1010 835 1087 legionibus
855 1013 888 1068 in
908 1031 979 1088 agro

126 1106 237 1164 Piceno
258 1105 454 1183 praesidebat,
479 1124 518 1164 ex
542 1105 718 1164 difficultate
745 1126 847 1165 rerum
875 1107 979 1166 eadem

89 1231 114 1258 10
127 1204 179 1262 illa
191 1204 385 1276 existumans,
400 1223 476 1281 quae
490 1223 582 1281 supra
596 1204 728 1262 diximus
743 1204 905 1263 Catilinam
920 1207 979 1282 agi-

126 1316 197 1360 tare.
240 1301 334 1379 igitur
361 1303 413 1366 ubi
440 1303 499 1360 iter
526 1303 590 1360 eius
612 1322 650 1361 ex
673 1303 807 1380 perfugis
830 1304 1003 1380 eognovita

127 1406 223 1457 eastra
242 1418 367 1475 propere
387 1400 483 1457 movit
502 1419 537 1458 ao
557 1401 613 1459 sub
633 1401 707 1478 ipsis
727 1402 876 1460 radicibus
896 1422 979 1461 mon-

126 1497 203 1555 tium
224 1497 364 1569 censedit,
388 1517 447 1574 qua
467 1498 514 1555 illi
534 1498 690 1559 descensus
711 1501 829 1559 eratin
850 1500 977 1558 Galliam

126 1595 305 1671 properanti.
348 1582 445 1672 neque
462 1603 565 1655 tamen
579 1598 735 1658 Antonius
748 1599 851 1675 procul
865 1599 977 1671 aberat,
991 1628 1003 1664 4

92 1721 114 1758 15
127 1699 232 1770 utpote
245 1694 298 1770 qui
312 1712 419 1770 magno
432 1695 567 1753 exercitu
581 1696 653 1754 loeis
662 1696 849 1772 aequioribus
861 1695 976 1772 expedi-

127 1797 177 1849 tus
199 1788 242 1871 [in
262 1789 347 1873 luga]
367 1799 549 1869 sequeretur.
594 1795 644 1852 sed
668 1794 800 1853 Catilina
821 1799 1003 1870 postquams

127 1889 210 1947 videt
225 1891 378 1948 montibus
398 1898 490 1968 atque
507 1893 600 1968 copiis
613 1892 744 1950 hostium
759 1911 822 1949 sese
835 1891 977 1962 clausum,

127 1985 159 2041 in
180 1986 253 2044 urbe
273 2005 322 2044 res
341 1987 492 2060 advorsae,
510 2008 606 2065 neque
627 1992 713 2064 fugae
734 2007 830 2064 neque
850 1988 979 2064 praesidi

128 2083 218 2141 ullam
237 2103 328 2160 spem,
343 2092 499 2161 optumum
521 2085 604 2143 lactu
621 2093 705 2143 ratus
721 2085 754 2143 in
772 2085 827 2142 tali
840 2104 873 2143 re
886 2085 980 2143 fortu-

90 2206 115 2232 το
127 2200 196 2238 nam
209 2179 281 2238 belli
294 2186 450 2256 temptare,
466 2182 575 2238 statuit
588 2201 654 2238 oum
668 2181 805 2240 Antonio
819 2201 908 2259 quam
922 2182 980 2259 pri-

127 2299 209 2336 mum
223 2279 385 2355 confligere.
421 2280 523 2355 itaque
537 2281 675 2337 contione
689 2279 833 2337 advocata
846 2279 1004 2337 huiusce-⁶

127 2375 208 2433 modi
221 2375 384 2433 orationem
399 2375 513 2433 habuit.

189 2470 398 2546 ‘Compertum
409 2490 463 2548 ego
477 2470 581 2543 habeo,
595 2472 715 2543 milites,
728 2472 819 2530 verba
833 2458 977 2531 virtutem
992 2467 1036 2536 58

127 2588 188 2627 non
200 2568 318 2639 addere,
333 2587 429 2644 neque
448 2588 486 2626 ex
503 2570 612 2647 ignavo
632 2577 786 2628 strenuum
806 2590 904 2649 neque
922 2572 978 2628 for-

88 2698 112 2732 25
127 2672 188 2722 tem
202 2683 240 2722 ex
254 2664 360 2722 timido
374 2665 540 2723 exereitum
555 2666 688 2725 oratione
701 2667 888 2744 imperatoris
904 2667 976 2726 fieri.

127 2767 239 2838 quanta
253 2760 394 2837 cuiusque
408 2762 508 2818 animo
522 2761 647 2820 audacia
659 2769 769 2820 natura
782 2768 837 2819 aut
846 2763 978 2819 moribus
992 2787 1003 2814 π

126 2859 213 2930 inest,
237 2863 325 2915 tanta
352 2859 385 2916 in
412 2860 490 2917 bello
518 2866 619 2936 patere
646 2859 727 2918 solet
772 2878 860 2936 quem
882 2878 978 2936 neque

176 3043 191 3091 7
223 3041 329 3090 Dietech
340 3040 453 3090 brackets
465 3039 663 3100 Transalpinam

176 3121 207 3170 15
241 3121 373 3183 expeditus
388 3119 547 3183 eexpedites
558 3121 603 3169 PC
619 3121 648 3169 in
662 3119 750 3182 fugam
766 3135 784 3168 a
795 3120 846 3181 few
866 3122 979 3170 Mss-

126 3199 260 3262 expeditus
277 3200 407 3261 inpeditos
423 3200 452 3248 in
470 3202 531 3261 fuga
549 3201 654 3249 Dictaeis
674 3200 758 3264 (1859)
772 3200 907 3261 expeditus
926 3204 976 3250 tar·

125 3281 201 3330 datos
221 3281 250 3328 in
269 3281 330 3342 fuga
341 3281 440 3329 Rttaotl
455 3279 573 3341 expedito
594 3280 622 3328 in
639 3280 700 3340 fuga
715 3280 781 3328 Wira
798 3279 935 3342 impeditos
949 3281 976 3328 in

125 3361 187 3422 fuga
198 3363 229 3410 r.
243 3363 307 3410 Uter
