2198 3720
133 206 171 262 as
254 195 287 255 .’
334 187 777 302 111111111111111
889 203 980 287 [aaa

191 357 272 414 Dum
287 357 358 414 haee
373 357 485 415 Romae
501 362 655 433 geruntur,
672 356 702 414 0.
720 356 853 414 Manlius
871 376 908 414 ex
929 376 981 414 suo

130 473 253 513 numero
280 456 391 532 legatos
418 455 457 514 ad
478 456 626 513 Marcium
651 455 763 532 Regem
792 456 888 513 mittit
914 475 981 512 oum

68 547 113 617 33
132 552 280 610 mandatis
300 551 510 610 huiuscemodi.
563 551 660 610 ‘Deos
680 552 873 628 hominesque
893 557 982 610 testa

131 668 206 721 mur,
235 649 403 725 imperator,
432 667 486 705 nos
506 669 594 707 arma.
609 667 705 724 neque
725 657 829 706 eontra
853 649 981 725 patriam

131 746 241 823 cepisse
264 764 359 823 neque
384 763 442 821 quo
466 744 631 821 periculum
654 745 720 802 eliis
741 745 911 819 taceremus,
930 748 1005 808 seds

131 843 178 901 uti
199 861 320 919 corpora
339 847 442 898 nostra
463 841 501 899 ab
521 841 632 899 iniuria
653 846 720 898 tuta
740 840 846 914 forent,
863 843 916 920 qui
929 845 981 900 mi-

131 941 188 999 seri
202 946 321 1018 egentes
335 940 477 998 violentia
485 946 575 1017 atque
589 939 765 998 erudelitate
779 940 981 999 feneratorum

130 1039 263 1116 plerique
276 1039 390 1116 patriae
404 1039 453 1096 sed
469 1057 570 1096 omnes
588 1039 669 1096 fama
682 1044 771 1116 atque
791 1040 919 1099 fortunis
933 1060 981 1098 ex-

82 1148 85 1151 ’
130 1145 227 1215 perles
241 1155 350 1195 sumus.
386 1155 482 1212 neque
496 1135 634 1212 cuiquam
648 1143 783 1194 nostrum
801 1136 887 1194 licuit
901 1157 981 1208 mora

130 1235 275 1293 maiorum
295 1234 360 1310 lege
373 1233 419 1291 uti
433 1252 528 1310 neque
542 1233 648 1291 amisso
661 1235 840 1310 patrimonio
853 1235 979 1293 liberum
992 1221 1018 1292 11

131 1352 236 1410 eorpus
259 1332 385 1388 habere:
407 1336 492 1387 111111
517 1330 641 1388 saevitia
661 1330 862 1389 feneratorum
890 1338 980 1409 atque

7 1421 8 1424 ¹
105 1430 274 1508 apraetoris
301 1429 368 1487 iuit.
409 1448 511 1513 ¹,saepe
540 1430 664 1487 maiores
692 1435 826 1488 vostrum
839 1400 980 1515 imiseriti

131 1529 225 1606 plebis
246 1529 398 1587 Romanae
406 1496 545 1603 ideoretis
566 1529 627 1586 suis
648 1528 765 1605 inopiae
793 1522 857 1586 eius
884 1529 981 1606 opitu-

130 1627 185 1686 lati
207 1633 284 1699 sunt,
314 1646 348 1684 ao
374 1614 542 1685 novissume
565 1627 707 1691 memoria
735 1606 981 1705 nostralpropter

130 1723 366 1801 magnitudinem
376 1723 451 1781 aeris
465 1694 734 1795 alieniivolentibus
748 1725 885 1782 omnibus
895 1710 1016 1829 b⁰ni⁸i¹⁵

106 1829 286 1900 aargentum
301 1841 367 1879 aere
380 1820 509 1879 solutum
525 1826 576 1879 est
620 1841 706 1898 saepe
724 1822 788 1898 ipsa
807 1822 907 1899 plebes
928 1831 981 1880 aut

131 1921 305 1980 dominandi
324 1920 424 1978 studio
444 1926 579 1996 permota
599 1926 653 1978 aut
673 1919 809 1996 superbia
829 1921 981 1998 magistra-

106 2026 218 2089 4tuum
231 2023 345 2076 armata
365 2037 384 2074 a
403 2016 538 2093 patribus
552 2016 678 2075 secessit.
720 2027 753 2074 at
773 2034 827 2074 nos
847 2036 909 2075 non
928 2019 981 2076 im·

70 2171 73 2190 ,
131 2116 247 2192 perium
255 2133 351 2190 neque
360 2112 481 2170 divitias
497 2112 632 2188 petimus,
644 2131 768 2188 quarum
785 2131 884 2170 rarum
894 2108 991 2189 causa}

131 2200 211 2270 bella
232 2218 321 2288 atque
344 2210 504 2268 certamina
526 2210 625 2287 omnia
645 2209 725 2266 inter
746 2209 879 2267 mortalis
899 2219 978 2283 suut,
992 2244 1018 2274 η.

131 2309 183 2368 sed
196 2308 374 2379 libertatem,
390 2325 478 2384 quam
499 2325 586 2364 nemo
608 2306 701 2363 bonus
721 2305 780 2363 nisi
801 2325 868 2363 oum
882 2308 981 2365 anima

107 2407 219 2480 ,simul
233 2405 353 2464 amittit
398 2411 429 2462 te
446 2410 535 2480 atque
553 2410 689 2462 senatum
710 2404 900 2478 obtestamur,
916 2425 981 2464 oon·

132 2505 237 2563 sulatis
257 2503 371 2560 miseris
392 2502 515 2572 civibus,
530 2502 603 2578 legis
624 2502 811 2578 praesidium,
826 2504 906 2581 quod
923 2505 980 2562 ini-

132 2602 230 2681 quitas
243 2601 388 2678 praetoris
402 2600 521 2676 eripuit,
536 2601 702 2659 restituatis
718 2620 794 2659 neve
811 2602 898 2661 nobis
916 2621 981 2659 eam

131 2698 377 2756 necessitudinem
398 2697 557 2772 inponatis,
583 2701 620 2755 ut
646 2716 830 2774 quaeramus,
851 2718 980 2776 quonam
993 2728 1018 2766 25

131 2798 219 2855 modo
232 2815 371 2854 maxuma
390 2796 448 2853 ulti
468 2795 643 2871 sanguinem
656 2801 792 2853 nostrum
805 2798 980 2872 pereamus’.

180 2988 196 3034 8
228 2983 329 3046 patriae
347 2984 393 3033 ΡΟ
411 2984 495 3046 patria
516 2985 569 3035 011.
610 2987 662 3035 For
681 2985 780 3047 patriae
801 2986 846 3035 sed
869 2989 982 3039 Eusslrer

131 3065 281 3128 correcturae
292 3063 392 3126 patriae
402 3063 479 3123 sedis,
494 3065 627 3115 Welnleold
638 3064 723 3128 patrie
735 3065 793 3116 sede
877 3078 879 3083 ·

181 3148 197 3199 9
230 3146 521 3208 nostrumouiquamV
631 3134 784 3169 “““”””””·“
888 3136 890 3141 ⁴

182 3229 213 3277 12
245 3229 325 3278 uestri
344 3228 423 3293 pP¹V
440 3229 522 3279 nostri
544 3227 608 3296 Pol
624 3231 721 3280 Gellius
746 3232 770 3279 ia
795 3232 920 3293 ampliatio
938 3233 983 3294 sor

132 3311 322 3360 uestrum-see
337 3317 406 3361 aoles
420 3308 425 3376 l
438 3308 549 3360 miseriti
559 3309 631 3361 Por
642 3311 739 3360 Gellius
754 3310 854 3360 miserti
869 3327 897 3362 or
907 3311 982 3361 mise·

122 3389 182 3439 rat}
191 3389 218 3442 θ
