2198 3720
212 195 251 256 40
408 198 441 257 0.
470 197 676 258 SALLVSTI
702 199 849 258 CRISPI
969 197 1004 279 [a
1021 200 1061 256 48

210 363 284 403 nora
304 345 430 422 praedae
449 345 543 421 magis
564 363 654 423 quam
673 345 854 403 detrimento
873 345 945 418 fore,
963 344 1063 402 incen-

211 440 293 498 dium
315 459 386 499 vero
408 440 526 498 crudele
548 441 766 500 inmoderatum
789 461 823 499 ac
846 441 904 500 sibi
921 462 1062 499 maxume

211 538 414 596 calamitosum
434 540 569 616 putabat,
591 539 700 617 quippe
722 540 771 598 cui
791 560 896 624 omneq
915 541 1015 616 copiae
1029 540 1062 596 in

210 654 266 694 usu
282 635 430 694 cotidiano
444 642 475 692 et
489 636 573 693 cultu
587 636 717 713 eorporis
731 642 824 695 erant.

176 739 199 801 '³
272 732 347 791 Post
365 752 433 790 eum
451 733 530 791 diem
544 734 664 810 quidam
680 734 713 793 L.
730 734 911 811 Tarquinius
924 735 961 793 ad
980 754 1087 802 sena-5

211 836 276 887 tum
294 830 437 889 adductus
457 838 528 903 erat,
548 852 636 918 quem
652 834 690 890 ad
705 833 867 891 Catilinam
881 834 1064 910 proficiscen-

187 955 199 991 4
212 933 272 986 tem
287 947 324 986 ex
337 928 445 986 itinere
459 936 621 988 retractum
630 931 757 989 aiebant.
791 933 893 990 iseum
908 952 939 990 se
953 933 1064 1007 diceret

211 1025 412 1085 indicaturum
430 1027 467 1085 de
485 1030 696 1103 coniuratione,
715 1029 741 1086 si
761 1031 834 1089 fides
857 1032 976 1108 publica
993 1031 1064 1088 data

212 1130 299 1198 esset,
319 1124 417 1183 iussus
438 1145 456 1183 a
477 1127 596 1185 consule
617 1147 692 1204 quae
709 1130 798 1187 sciret
819 1130 940 1202 edicere,
961 1129 1062 1187 eadem

212 1222 274 1280 fere
288 1241 364 1300 quae
379 1222 554 1280 Volturcius
572 1225 609 1282 de
626 1225 739 1301 paratis
757 1225 903 1284 incendiis
922 1226 959 1284 de
975 1226 1097 1286 caede.

212 1321 358 1378 bonorum
379 1319 415 1377 de
435 1319 544 1379 itinere
557 1321 689 1380 hostium'
708 1330 845 1382 senatum
859 1324 961 1398 docet3
982 1343 1063 1401 prae-

212 1426 293 1477 terea
311 1438 342 1477 se
364 1419 485 1476 missum
502 1439 520 1476 a
539 1419 583 1479 M.
605 1420 719 1492 Crasso,
743 1423 794 1498 qui
818 1422 966 1481 Catilinae
990 1441 1063 1479 nun-

213 1517 303 1574 tiaret
330 1537 368 1575 ne
404 1536 471 1574 eum
501 1517 648 1576 Lentulus
674 1526 705 1577 et
726 1519 873 1596 Cethegus
895 1520 1006 1597 aliique
1026 1540 1063 1577 ex

213 1616 417 1674 coniuratione
453 1615 629 1693 deprehensi
664 1623 818 1689 terrerent,
851 1616 942 1693 eoque
970 1619 1063 1694 magis

213 1718 386 1795 properaret
407 1712 444 1769 ad
467 1713 571 1769 urbem
596 1711 744 1784 adsedere,
764 1731 823 1788 quo
846 1719 876 1770 et
898 1721 1084 1772 ceterorum1

214 1811 328 1869 animos
348 1811 482 1868 reficeret
502 1816 533 1868 et
552 1809 598 1868 illi
613 1809 729 1867 facilius
744 1829 759 1867 e
773 1810 904 1885 periculo
919 1813 1064 1888 eriperen-

191 1933 201 1968 5
214 1914 272 1968 tur.
309 1909 359 1966 sed
373 1909 426 1966 ubi
439 1908 620 1984 Tarquinius
629 1907 768 1965 Crassum
781 1908 957 1981 nominavit,
973 1909 1064 1966 homi-

214 2026 283 2064 nem
303 2007 440 2082 nobilem,
465 2006 614 2064 maxumis
638 2005 754 2063 divitiis
778 2025 893 2064 summa
921 2006 1062 2082 potentia,

215 2104 266 2161 alii
301 2125 362 2162 rem
390 2105 592 2162 incredibilem
622 2104 689 2176 rati,
718 2122 787 2180 pars
814 2104 934 2161 tametsi
962 2124 1064 2162 verum

215 2202 443 2274 existumabant,
467 2207 569 2260 tamen
593 2202 664 2277 quia
687 2201 720 2258 in
741 2201 796 2259 teli
824 2207 956 2277 tempore
979 2208 1099 2259 tantan

216 2299 261 2355 vis
274 2297 404 2355 hominis
418 2299 511 2374 magis
524 2298 667 2356 leniunda
685 2317 775 2374 quam
794 2299 974 2374 exagitanda
987 2299 1065 2356 vide-

188 2433 190 2436 <
216 2397 311 2468 batur,
328 2397 461 2472 plerique
476 2396 582 2454 Crasso
601 2416 640 2453 ex
658 2397 786 2473 negotiis
803 2397 929 2472 privatis
944 2397 1066 2454 obnoxii

216 2493 399 2550 conclamant
412 2493 539 2550 indicem
559 2492 668 2550 falsum
682 2511 746 2550 esse
760 2491 855 2567 deque
868 2512 904 2550 ea
917 2512 949 2550 re
968 2501 1066 2569 postu-

192 2591 279 2647 elnnt
307 2589 352 2646 uti
381 2588 537 2648 referatur.
593 2588 697 2665 itaque
725 2588 898 2646 consulente
926 2588 1066 2647 Cicerone

217 2688 354 2764 frequens
378 2693 499 2744 senatus
518 2686 660 2759 decernit,
682 2686 826 2763 Tarquini
847 2687 991 2744 indicium
1012 2687 1066 2744 fal-
1079 2720 1099 2744 α-

216 2803 281 2841 sum
300 2782 395 2841 videri
414 2802 541 2858 eumque
559 2783 592 2839 in
611 2782 740 2840 vinculis
759 2783 949 2841 retinendum
971 2803 1067 2860 neque

216 2881 343 2957 amplius
357 2886 535 2957 potestatem
550 2881 727 2951 faciundam,
743 2880 802 2938 nisi
813 2880 849 2938 de
864 2901 898 2939 eo
912 2881 1069 2955 indicaret,¹

193 2980 301 3046 7cuius
322 2977 445 3046 consilio
467 2984 581 3034 tantam
604 2997 666 3034 rem
688 2982 765 3034 esset
788 2979 939 3035 mentitus.
983 2985 1070 3036 erant

218 3096 251 3135 eo
279 3083 412 3152 tempore
440 3076 492 3151 qui
520 3076 738 3133 existumarent
765 3075 910 3133 indicium
942 3076 1018 3135 illud
1050 3098 1069 3135 a

218 3174 251 3234 P.
279 3172 427 3230 Autronio
455 3171 668 3244 machinatum,
698 3190 757 3247 quo
779 3171 895 3230 facilius
919 3174 1068 3250 appellato
1080 3202 1099 3240 ει

219 3272 324 3330 Crasso
347 3289 401 3346 per
425 3270 595 3328 societatem
618 3269 741 3345 periculi
764 3270 893 3346 reliquos
918 3271 998 3328 illius
1021 3293 1069 3349 po-

168 3368 314 3428 ·stcntia
341 3371 461 3444 tegeret.
515 3366 565 3422 alii
591 3365 785 3443 Tru-quinium
816 3387 834 3424 a
863 3365 1002 3425 Cicerone
1027 3371 1070 3426 in-
