2198 3720
39 3410 47 3509 l

130 211 169 270 44
321 213 354 272 Ο.
381 213 485 273 SALL
494 215 583 276 VSTI
611 214 757 274 ORISPI
888 212 924 298 [c.
941 215 977 271 51

128 377 217 435 quam
240 358 312 436 quid
339 359 373 418 in
395 360 463 419 illos
486 360 551 438 iure
574 361 640 420 fieri
666 366 766 438 posset
789 363 979 437 quaerebant.

46 482 49 490 ·
103 453 183 513 7hoc
201 454 275 513 item
291 454 376 513 vobis
394 455 610 532 providendum
629 463 683 528 est,
698 464 798 533 patres
812 457 979 533 conscripti,

127 570 166 613 ne
186 552 254 628 plus
274 551 354 629 apud
374 571 428 610 vos
449 554 548 612 valeab
568 553 602 611 P.
621 553 744 611 Lentuli
764 559 796 612 eb
815 533 983 613 celerorum

128 641 222 709 scelus
234 667 325 726 quam
338 655 440 707 vostra
453 650 592 727 dignitas,
606 671 666 710 neu
679 652 773 728 magis
786 652 849 710 irae
863 657 981 710 vostrae

103 763 216 820 aquam
237 745 335 804 famae
355 748 526 808 consulatis.
569 768 647 807 nam·
658 749 685 806 si
703 748 794 825 digna
814 769 909 826 poena
927 769 1006 824 pros

128 843 216 902 factis
235 863 337 902 eorum
355 846 511 920 reperitur,
531 865 639 904 novom
657 848 813 905 consilium
833 847 981 923 adprobo:

128 941 176 999 sin
191 942 373 1018 ⁴magnitudo
394 943 513 1002 sceleris
533 944 666 1002 omnium
686 944 807 1020 ingenia
827 953 980 1023 exuperat,

127 1039 171 1097 eis
191 1038 337 1097 utendum
358 1059 462 1098 censeo
482 1060 558 1117 quae
579 1040 694 1117 legibus
715 1048 876 1119 conparata
900 1029 979 1102 sunt.

102 1136 261 1213 aplarique
281 1155 391 1209 eorum,
414 1138 466 1213 qui
486 1142 557 1195 ante
578 1157 625 1196 me
645 1140 809 1197 sententias
830 1141 980 1211 dixerunt,

128 1231 288 1310 composite
302 1236 392 1308 abque
400 1232 560 1308 ,magnifice
574 1251 675 1290 casum
688 1236 733 1292 rei
749 1224 884 1310 publica'e
897 1236 981 1293 mise-
994 1263 1018 1289 10

129 1329 187 1386 rabi
211 1335 289 1387 sunt.
315 1347 408 1412 'quae
434 1329 506 1386 belli
532 1330 658 1388 saevitia
682 1339 767 1404 esset,
793 1352 869 1408 quae
893 1333 981 1390 victis

128 1426 304 1499 acciderent,
340 1446 550 1486 enumeravero
560 1447 569 1500 3
605 1429 670 1504 rapi
704 1430 843 1506 virgines,
879 1429 981 1487 divelli

128 1524 237 1582 liberos
257 1542 276 1580 a
299 1529 456 1598 parentum
481 1525 646 1600 complexu,
668 1531 778 1583 matres
799 1525 981 1584 familiarum

128 1619 193 1695 pati
206 1637 281 1695 quae
292 1618 455 1679 victoribus
469 1609 680 1692 conlubuisset,
691 1619 762 1676 fana
775 1628 865 1697 atque
880 1621 981 1680 domos

129 1716 258 1793 spoliari,
270 1716 387 1775 caedem
402 1695 540 1776 incendia
552 1717 623 1792 fieri,
636 1724 785 1794 postremo
797 1720 887 1776 armis
898 1721 980 1777 oada-
994 1753 1017 1788 15

94 1840 118 1867 ιο
129 1815 248 1872 veribus
268 1833 372 1873 cruore
392 1822 482 1892 abque
504 1815 588 1874 luctu
608 1816 708 1873 omnia
726 1817 874 1891 compleri.
918 1817 976 1891 sed,

129 1931 182 1988 per
191 1911 262 1970 deos
274 1912 521 1990 inmortalisque
534 1914 588 1971 illa
598 1915 694 1973 oratio
706 1914 869 1991 pertinuitl
882 1935 922 1972 an
934 1916 982 1973 uti

129 2028 182 2068 voe
196 2008 320 2068 infestos
334 2009 532 2068 coniurationi
550 2010 681 2070 faceret?
700 2009 815 2068 scilicet
828 2029 916 2086 quem
935 2031 982 2070 res

129 2112 216 2165 tanta
235 2111 267 2165 eb
286 2111 350 2164 bam
371 2113 458 2165 atrox
476 2126 537 2165 non
555 2107 712 2185 permovit,
730 2128 797 2166 eum
817 2110 913 2168 oratio
933 2130 979 2168 ac-

94 2236 116 2265 n
130 2204 243 2264 cendea
286 2196 348 2263 non
360 2205 405 2262 ita
418 2211 472 2278 esi,
488 2226 584 2283 neque
598 2207 735 2283 cuiquam
749 2207 920 2265 mortalium
938 2209 981 2265 in-
992 2237 1020 2266 ιο

130 2303 224 2362 iuriae
250 2322 321 2361 suae
348 2323 458 2381 parvae
481 2305 643 2364 videntur:
671 2305 760 2363 multi
788 2324 838 2362 eas
861 2306 981 2382 gravim

94 2430 117 2458 n
130 2421 223 2478 aequo
243 2401 378 2460 habuere
422 2402 474 2461 sed
494 2403 554 2461 alia
574 2404 640 2462 aliis
664 2403 786 2460 licentia
806 2407 861 2474 est,
881 2408 982 2479 patrea

130 2497 296 2575 conscripti.
339 2498 391 2575 qui
411 2497 532 2557 demissi
551 2499 584 2556 in
604 2500 729 2557 obscuro
747 2499 840 2555 vitam
861 2498 981 2573 habent,

129 2595 227 2672 siquid
241 2594 395 2652 iracundia
408 2594 566 2671 deliquere,
579 2593 787 2671 pauci-sciunt,
798 2593 879 2651 fama
893 2602 982 2671 abque

179 2752 194 2796 4
227 2748 334 2796 nauPG
345 2747 469 2796 neueGV

180 2836 195 2879 8
228 2827 408 2878 hisntendum
422 2828 613 2878 OVhieom.P

179 2916 193 2961 9
229 2910 385 2959 sententiam
399 2912 422 2958 V

182 2995 212 3041 14
245 2993 413 3042 conlibuisset
435 3009 448 3042 s
468 2994 556 3058 (Wirz)
574 2993 759 3043 conlibuisaent
781 2997 853 3044 PGV
871 2997 983 3057 (Dirlrob

133 3072 255 3138 scurrula)
276 3068 280 3078 '

182 3158 212 3204 15
246 3155 329 3204 ruinis
336 3159 380 3220 sor
391 3156 471 3205 armis
483 3159 610 3206 Wecklein

182 3239 212 3286 19
246 3235 373 3297 permouit
386 3237 431 3284 PC
445 3238 608 3298 permonetp
626 3239 664 3296 (ι’-η
679 3236 787 3300 mo-ryin)
810 3238 831 3285 V
844 3236 849 3302 Ι
863 3236 984 3286 accendet

132 3321 177 3370 PG
189 3316 331 3380 accomlitp
344 3318 501 3380 (lautomia)
514 3321 560 3367 GV
826 3370 829 3379 ,

179 3403 212 3447 23
244 3397 343 3447 halmal
353 3400 399 3448 ΡΟ
410 3402 517 3462 aguntp
530 3399 567 3461 (in
579 3399 690 3460 margin)
705 3402 751 3449 cV
