2198 3720
123 197 215 280 c.32]
324 198 501 258 BELLVM
527 198 823 262 cerrima·
936 201 973 262 27
1060 225 1082 285 p

1047 280 1066 321 a

122 369 157 407 ea
183 349 298 407 familia
319 354 427 421 ortum,
456 349 501 406 ita
528 368 559 406 se
586 349 624 406 ab
652 348 853 407 adulescentia
880 349 975 406 vitam
1016 299 1048 398 (a

121 445 295 518 instituisse,
310 446 561 544 uppmnipbona
579 445 612 502 in
630 465 683 522 spe
700 445 831 505 haberet.
874 465 912 504 ne
926 466 974 504 ex-

121 503 374 601 istumarentltiii
392 520 524 620 plidiiii
535 544 659 616 homini,
674 544 759 602 cuius
777 544 870 622 ipsius
885 550 974 621 atque

121 642 266 700 maiorum
287 643 427 719 pluruma
444 642 587 717 beneficia
612 643 645 700 in
667 643 784 720 plebem
806 643 974 701 Romanam

99 746 227 813 5essent‚
247 742 365 817 perdita
383 760 415 800 re
433 741 552 818 publica
569 761 643 818 opus
660 761 730 814 esse,
748 761 815 799 cum
832 761 898 799 eam
916 761 974 799 ser-

121 843 206 896 varet
230 839 271 898 M
302 839 438 912 Tullius,''
457 840 622 917 inquilinus
644 841 719 899 civis
742 841 825 898 urbis
849 839 970 898 Romae.

120 937 159 994 ad
182 937 237 995 hoc
263 938 423 996 maledicta
452 940 512 997 alia
540 919 625 997 cum·
642 938 774 1010 adderet,
803 939 995 1016 obstreperee

120 1054 230 1108 omnes,
248 1036 363 1094 hostem
383 1041 473 1113 atque
491 1036 670 1112 parricidam
687 1054 798 1094 vocare.
841 1040 907 1093 tum
921 1035 997 1104 ille9

120 1133 300 1192 furibundus
315 1135 600 1212 ‘quoniamquidem
614 1134 848 1193 circumventus’
873 1133 973 1209 inquit

88 1263 112 1288 10
122 1233 172 1290 ‘ab
186 1233 314 1291 inimicis
327 1253 466 1311 praeceps
480 1253 560 1310 agor,
575 1233 744 1291 incendium
764 1252 863 1290 meum
883 1232 972 1290 ruina

120 1330 323 1406 restinguam’.
366 1330 472 1388 deinde
486 1350 517 1388 se
531 1349 570 1388 ex
583 1331 665 1388 curia
679 1331 799 1402 domum
813 1330 969 1408 proripuit.
983 1325 1029 1395 32

120 1425 163 1482 ibi
180 1426 275 1484 multa
289 1426 352 1503 ipse
370 1445 469 1484 secum
489 1427 620 1500 volvens,
635 1429 713 1504 quod
731 1446 828 1504 neque
846 1427 971 1486 insidiae

120 1522 232 1580 consuli
251 1522 449 1600 procedebant
467 1529 499 1581 et
516 1524 553 1581 ab
567 1515 703 1606 incendio
716 1523 908 1600 intellegebat
921 1544 970 1581 ur·

119 1622 186 1679 bem
201 1620 310 1698 vigiliis
324 1621 479 1692 munitam,
492 1628 647 1698 optumum
661 1623 743 1680 factu
757 1621 877 1680 credens
891 1641 972 1680 exer-

87 1754 110 1793 1⁵
120 1719 212 1776 citum
231 1737 338 1795 augere
358 1737 392 1775 ac
412 1718 495 1793 prius
516 1736 604 1794 quam
624 1718 753 1795 legiones
771 1719 971 1777 scriberentur

120 1816 215 1873 multa
242 1821 424 1891 antecapere,
456 1833 532 1891 quae
560 1815 636 1872 bello
660 1815 729 1873 usui
753 1816 858 1888 forent,
884 1823 970 1874 nocte

119 1914 296 1990 intempesta
306 1931 373 1968 cum
387 1912 488 1987 paucis
502 1911 534 1968 in
548 1910 704 1968 Manliana
714 1918 811 1970 castra
820 1913 971 1990 protectus

119 2014 172 2067 est.
202 2009 252 2067 sed
271 1993 401 2084 Cethego
415 2015 506 2084 atque
521 2006 649 2066 Lentulo
663 2008 833 2085 ceterisque,
845 2029 994 2087 quorum2

120 2110 297 2183 cognoverat
323 2110 491 2180 promptam
518 2103 682 2175 audaciam,
712 2105 835 2164 mandat
863 2108 970 2184 quibus

85 2242 110 2270 20
122 2206 207 2262 rebus
229 2207 351 2280 possent
372 2221 442 2279 opes
469 2201 607 2260 factionis
635 2203 818 2276 confirment,
846 2204 970 2262 insidias

120 2302 232 2360 consuli
254 2306 415 2370 maturent,
444 2301 561 2359 caedem
589 2301 727 2359 incendia
753 2302 871 2379 aliaque
898 2302 970 2359 belli

119 2399 250 2457 facinora
263 2402 386 2474 parent:
407 2416 469 2454 sese
483 2416 573 2473 prope
587 2397 667 2455 diem
681 2417 747 2455 cum
762 2417 869 2474 magno
889 2418 969 2457 exer·

119 2499 180 2555 citu
194 2497 232 2554 ad
246 2497 349 2554 urbem
363 2514 558 2554 accessurum.

166 2727 183 2774 4
214 2725 315 2788 plebem
337 2725 407 2773 MSS
429 2723 554 2787 populum
581 2726 674 2772 Gruter
697 2725 825 2786 (followed
851 2724 882 2787 dp
907 2729 970 2773 meet

119 2805 219 2872 editore)
232 2805 260 2854 in
271 2818 326 2853 rem
337 2803 466 2867 publicam
476 2805 566 2853 Korne
756 2803 759 2809 '

168 2888 198 2935 ll
231 2885 391 2947 restinguam
404 2885 448 2947 po
462 2883 606 2944 restingam
623 2882 806 2944 Pextinguam
822 2884 842 2932 0
859 2883 897 2949 (in
915 2886 968 2934 Cic.

115 2986 143 3032 p.
152 2970 221 3017 Mur.
230 2969 269 3018 25.
284 2968 315 3016 51
328 2968 381 3016 olco
393 2968 434 3020 tlte
447 2967 516 3016 MSS
527 2981 592 3030 corp
603 2967 708 3015 between
717 2964 906 3014 exstincturum
918 2967 969 3014 and

118 3051 312 3112 restincturum)

165 3132 198 3179 -12
231 3132 376 3193 Nipperdey
402 3130 485 3178 would
512 3129 591 3178 etrite
613 3135 657 3177 out
679 3126 970 3190 quod...procedebant=

118 3214 223 3263 Dtetscb
234 3213 316 3261 merla
327 3227 344 3261 a
356 3214 447 3261 banno
459 3214 565 3261 between
575 3209 676 3260 consuli
687 3211 738 3259 aad
749 3209 920 3272 procedebant

169 3293 200 3341 16
232 3292 317 3342 multa
333 3295 481 3353 antecapere
492 3292 538 3340 ΡΟ
553 3290 636 3339 multo
652 3291 804 3352 praeuenire
819 3293 969 3354 antecapere

123 3376 142 3420 0
154 3373 278 3437 (inferior)
291 3375 374 3422 multa
385 3390 431 3422 ora.
443 3376 531 3423 Kortte
542 3374 627 3439 (Kritz
644 3373 720 3436 Wirzl
