2198 3720
133 198 304 282 ce.27,28]
337 197 516 258 BELLVM
541 197 779 258 CATILINAE.
862 247 865 253 .
946 199 984 258 23
1020 253 1023 260 .

132 367 227 425 neque
251 347 358 424 petitio
379 367 475 425 neque
501 346 636 418 insidiae,
659 365 733 423 qrras
761 346 932 405 consulibus
953 347 984 403 in

132 466 235 524 campo
256 447 376 518 fecerat,
397 465 535 524 prospere
558 466 677 518 cessere,
694 445 851 504 coustituit
869 445 984 528 ⁴bellum

131 545 228 603 iacere
252 551 284 604 et
305 552 438 604 extrema
462 545 562 604 omnia
585 544 723 622 experiri,
746 543 886 621 quo‘niam
908 539 984 620 quae
1048 535 1078 604 ‘.

132 643 245 701 occulte
273 648 474 720 temptaverat
501 661 605 720 aspera
639 643 784 718 foedaque
811 645 981 699 evenerant.

107 740 225 817 sigitur
245 741 277 802 (1⁴.
293 741 443 800 Manlium
461 742 601 800 Faesulas
622 746 712 818 atque
733 742 766 798 in
786 760 851 811 eam
867 746 983 818 partem
997 735 1040 806 27

133 839 281 912 Etruriae,
297 840 475 917 Septimium
490 839 638 916 quendam
653 838 818 898 Oamertem
833 839 866 896 in
879 858 984 916 agrum

132 937 284 1009 Picenum,
300 937 333 996 O.
349 937 461 995 iulium
475 938 508 995 in
522 937 667 1014 Apuliam
681 937 812 1010 dimisit,
832 944 984 1014 praeterea

131 1035 224 1092 alium
251 1034 319 1106 alio,
349 1053 436 1111 quem
464 1034 574 1110 ubique
603 1039 803 1111 opportunum
831 1035 889 1092 sibi
919 1034 983 1092 iore
1046 1093 1048 1098 ,

133 1131 277 1189 credebat.
321 1131 437 1189 interea
451 1130 565 1189 Romae
580 1131 676 1188 multa
691 1131 780 1188 simul
796 1132 904 1204 moliri,
919 1151 1008 1190 con-2

98 1259 120 1285 ιο
132 1229 246 1288 salibus
259 1229 384 1288 insidias
397 1228 527 1303 tendere,
540 1248 645 1306 parare
658 1229 804 1300 incendia,
816 1233 984 1306 opportuna

130 1326 195 1385 loca
208 1327 331 1385 armatis
344 1326 514 1384 hominibus
527 1325 670 1398 obsidere,
680 1325 743 1402 ipse
757 1345 825 1383 cum
838 1326 899 1384 telo
910 1345 982 1399 esse,

129 1424 202 1482 item
216 1423 290 1482 alios
303 1424 414 1496 iubere,
428 1423 542 1480 hortari
555 1423 601 1480 uti
616 1442 731 1499 semper
744 1423 856 1480 intenti
872 1424 982 1500 parati-

130 1541 187 1599 que
201 1527 307 1594 essent,
323 1521 386 1580 dies
404 1522 558 1599 noctisque
578 1521 721 1580 festinare
740 1522 873 1598 vigilare,
887 1542 983 1600 neque

129 1620 284 1679 insomniis
311 1639 407 1697 neque
433 1620 535 1678 labore
562 1609 896 1721 fatigariffiiostremo
930 1622 1007 1680 ubis
1052 1643 1055 1649 ¹

96 1718 226 1783 15multa
249 1718 376 1795 agitanti
400 1717 475 1774 nihil
502 1717 644 1794 procedit,
673 1707 776 1775 rursus
802 1717 983 1794 intempesta

130 1822 217 1874 nocte
231 1816 444 1874 coniurationis
464 1817 612 1894 principes
629 1822 773 1875 convocat
785 1835 839 1893 per
852 1816 895 1877 M.
912 1817 983 1875 Por-

130 1913 208 1971 cium
225 1912 360 1984 Laecam,
375 1913 475 1990 ibique
489 1914 585 1971 multa
600 1913 636 1970 de
650 1913 771 1989 ignavia
783 1932 885 1972 eorum
900 1933 982 1990 ques·
995 1933 1007 1970 4

129 2015 189 2083 tus,
204 2002 291 2068 docet
303 2030 335 2068 se
349 2010 497 2067 Manlium
512 2010 697 2086 praemisisse
711 2010 750 2068 ad
764 2029 828 2068 eam
847 2011 984 2069 multitu-

131 2107 238 2180 dinem,
262 2126 351 2183 quam
374 2105 413 2164 ad
440 2099 587 2183 capiunda
610 2126 694 2164 arma
716 2112 882 2183 paraverat,
908 2107 981 2165 item

93 2235 119 2262 ω
130 2204 203 2261 alios
216 2206 249 2260 in
263 2202 321 2260 alia
334 2204 399 2261 loca
413 2208 588 2280 opportuna,
604 2203 656 2280 qui
674 2203 795 2261 initium
815 2202 887 2260 belli
906 2203 982 2262 iace·

130 2307 205 2373 rent,
221 2319 310 2375 seque
324 2299 362 2356 ad
376 2299 540 2357 exercitum
558 2299 704 2376 proficisci
722 2319 837 2376 cupere,
852 2300 879 2358 si
899 2302 981 2378 prius

131 2398 301 2456 Ciceronem
316 2399 528 2475 oppressisset,
550 2417 618 2456 eum
633 2401 694 2457 suis
708 2399 838 2457 consiliis
853 2399 980 2457 multum

129 2495 250 2554 officere.
287 2495 380 2571 igitur
403 2494 571 2571 perterritis
591 2514 625 2552 ac
645 2495 854 2553 dubitantibus
875 2498 980 2555 ceteris
995 2488 1040 2556 28

178 2651 192 2697 1
226 2648 376 2698 oonsulibus
403 2649 449 2698 ΡΟ
477 2647 618 2698 consulit*
641 2647 800 2708 (consulibus
825 2649 858 2697 Pl
881 2649 982 2698 consuli

124 2729 156 2794 pl
167 2731 230 2779 with
240 2729 351 2779 ciceroni
365 2732 467 2779 writtaa
478 2743 536 2779 ouer
551 2731 592 2778 tte
606 2730 669 2790 liae)
681 2730 786 2778 Dictaei
798 2730 917 2789 brackets,
930 2734 982 2781 aad

131 2813 198 2862 Wira
216 2815 287 2862 omits
305 2813 346 2862 tte
365 2812 440 2863 word.
476 2805 622 2876 Nipperdey
638 2813 721 2861 would
731 2812 810 2862 atrike
827 2820 870 2862 out
885 2827 978 2874 quas...

128 2894 221 2942 fecerat
235 2891 239 2959 Ι
254 2893 282 2940 in
293 2907 386 2955 campo
397 2893 444 2941 Po
454 2890 585 2955 ora.0(in
597 2906 687 2954 campo
698 2891 730 2940 Ρ1
742 2907 788 2941 om.
796 2891 836 2955 12¹)

177 2976 192 3026 9
225 2973 305 3024 simul
321 2975 342 3024 0
361 2975 412 3024 sibi
426 2976 449 3023 P
464 2973 469 3041 t
482 2973 633 3024 consulibus
644 2975 802 3025 POconauli
815 2977 842 3026 0.
877 2977 981 3026 Dietact
1040 2997 1043 3003 ·

129 3057 246 3114 aurea,
259 3056 311 3104 aad
326 3056 392 3104 Wirz
402 3057 475 3104 omits
488 3056 528 3104 the
540 3055 608 3103 word

178 3139 209 3186 12
242 3137 377 3199 paratique
387 3138 435 3187 Po
445 3136 565 3199 paratio*

176 3221 206 3270 16
239 3234 284 3281 per
295 3220 340 3270 Po
359 3220 396 3284 (ia
407 3221 440 3269 P1
455 3222 478 3269 it
493 3222 515 3269 ia
531 3221 613 3270 added
629 3221 660 3283 ty
676 3221 808 3280 coaretor)
822 3234 901 3282 penes
917 3221 979 3269 Pal-

127 3303 200 3349 au'era'
210 3300 315 3363 (Liaker
325 3300 439 3366 Dietrch)
450 3299 483 3351 ad
494 3302 560 3352 Wire
575 3300 708 3366 (scimea)
721 3314 827 3362 propere
839 3300 872 3350 ad
880 3302 979 3350 Raucb-

129 3384 226 3430 raateia
