2198 3720
100 237 139 274 00.
157 215 204 289 47,
221 213 271 296 rs]
301 215 478 272 aretum
503 201 752 274 currimns(
914 213 950 270 aa

99 381 173 439 quas
183 380 201 418 a
211 361 317 438 legatis
331 365 494 438 acceperat,
507 360 609 419 eodem
623 360 740 418 adferre
753 359 845 418 iubet.
865 371 867 376 '
882 358 953 416 Vol·
965 357 1010 425 47

100 458 213 515 turcius
226 458 429 533 interrogatus
441 458 477 514 de
488 457 604 529 itinere,
619 456 656 514 de
670 456 789 528 litteris,
804 459 953 532 postremo

100 555 172 632 quid
199 560 254 613 aut
276 575 336 634 qua
359 555 397 613 de
425 574 515 614 causa
542 555 647 613 consili
674 555 836 625 habuisset,
857 554 953 630 primo

100 655 211 731 fingere
228 654 297 726 alia,
319 653 506 712 dissimulare
521 654 557 711 de
576 653 781 711 coniuratione
790 673 799 726 3
819 657 889 728 post
901 650 954 708 ubi

76 774 87 809 5
101 751 159 809 fide
172 751 291 827 publica
304 751 402 809 dicere
416 750 515 808 iussus
529 754 584 823 est,
596 749 696 807 omnia
710 749 756 806 uti
770 756 854 825 gesta
868 752 955 805 erant
1011 742 1012 747 ’

101 848 198 925 aperit
209 848 354 925 docetque
367 867 399 906 se
417 849 520 925 paucis
540 853 611 926 ante
625 847 730 906 diebus
744 867 763 905 a
781 846 910 906 Gabinio
924 853 955 903 et

102 947 243 1023 Caepario
257 947 369 1005 socium
383 947 530 1004 adscitum
545 945 621 1004 nihil
635 945 763 1022 amplius
777 938 851 1003 scire
865 963 953 1021 quam

102 1044 220 1121 legatos,
245 1051 364 1103 tantum
381 1045 469 1104 modo
493 1045 597 1103 audire
621 1045 742 1102 solitum
767 1063 805 1102 ex
825 1041 955 1102 Gabinio

102 1140 134 1197 P.
151 1139 336 1200 Autronium
351 1140 412 1199 Ser.
430 1140 545 1200 Sullam
557 1140 589 1198 L
603 1140 833 1218 Vargunteium,
845 1139 955 1198 multos

66 1258 92 1284 10
102 1245 254 1314 praeterea
280 1238 314 1296 in
341 1258 376 1297 ea
403 1239 608 1297 coniuratione
632 1258 703 1300 esse.
745 1239 849 1298 eadem
874 1237 978 1296 Gallia

102 1337 238 1395 fatentur
267 1357 302 1394 ao
333 1337 497 1397 Lentulum
525 1338 763 1396 dissimulantem
791 1342 956 1415 coarguunt

101 1439 220 1509 praeter
232 1435 350 1494 litteras
364 1436 558 1510 sermonibus,
574 1455 648 1515 quos
661 1437 713 1495 ille
726 1437 836 1495 habere
849 1435 955 1495 solitus

102 1537 174 1603 erat,
203 1551 242 1591 ex
265 1533 349 1592 libris
376 1534 532 1610 Sibyllinis
560 1554 685 1613 regnum
714 1537 829 1594 Romae
857 1535 955 1592 tribus

103 1629 247 1713 Corneliis
256 1632 413 1708 portendi3
435 1633 562 1691 Cinnam
575 1639 666 1711 atque
681 1633 801 1691 Sullam·
810 1639 908 1704 antea,
923 1652 954 1691 se

68 1728 226 1791 1stertium
236 1748 308 1804 esse,
319 1730 367 1788 cui
377 1731 475 1789 fatum
489 1731 568 1790 foret
578 1732 661 1790 urbis
670 1731 768 1808 potiri.
801 1736 955 1808 praeterea

102 1825 140 1882 ab
160 1825 280 1884 incenso
295 1826 443 1904 Capitolio
457 1827 542 1884 illum
557 1846 620 1885 esse
633 1827 818 1904 vigesumum
832 1847 953 1901 annum,

102 1941 190 1998 quem
212 1943 299 2000 saepe
320 1943 358 1982 ex
379 1925 522 2002 prodigiis
542 1925 723 2003 haruspices·
735 1926 955 2004 respondissent

49 2038 53 2045 ·
102 2019 180 2078 bello
190 2020 273 2078 civili
286 2029 443 2081 cruentum
458 2024 531 2083 fore.
574 2024 668 2101 igitur
681 2025 820 2102 perlectis
835 2025 953 2098 litteris,
969 2059 980 2096 3

103 2135 170 2174 oum
187 2117 272 2194 prius
293 2115 396 2178 cinnes
414 2120 499 2197 signa
520 2140 574 2179 sua
593 2122 809 2198 cognovissent,
833 2115 955 2180 senatus

68 2248 92 2276 ιο
103 2214 237 2295 decernit
249 2215 297 2273 uti
312 2216 450 2276 abdicato
468 2218 647 2295 magistratu
664 2219 811 2278 Lentulus
824 2220 955 2297 itemque

103 2313 194 2370 ceteri
212 2312 245 2371 in
262 2313 364 2372 liberis
387 2317 529 2375 custodiis
547 2317 721 2376 habeantur.
764 2318 866 2395 itaque
881 2319 979 2387 Len-4

103 2410 185 2469 tulus
208 2410 241 2472 P.
264 2412 393 2472 Lentulo
414 2415 577 2491 Spintheri,
599 2417 736 2493 quitum
758 2417 860 2475 aedilis
882 2423 954 2490 erat,

104 2507 252 2584 Cethegus
266 2509 300 2578 Q.
314 2509 473 2569 Oornificio
487 2511 625 2569 Statilius
637 2511 668 2570 0.
680 2512 799 2570 Caesari
810 2513 956 2572 Gabinius

104 2603 147 2662 M.
164 2604 270 2664 Crasso
287 2606 560 2684 Caeparius—nam
583 2610 716 2688 ispaulo
740 2617 811 2670 ante
828 2630 866 2668 ex
884 2612 956 2689 iuga

68 2730 93 2767 ας
104 2707 250 2760 retractus
263 2703 423 2763 erat—On.
439 2705 579 2764 Terentio
594 2707 724 2764 senatori
738 2708 909 2766 traduntur.

164 2797 285 2856 Interea
298 2798 382 2876 plebs
391 2783 597 2884 coniuratione
606 2803 766 2881 patefacta,
775 2823 851 2880 quae
859 2805 955 2881 primo
968 2801 1013 2871 48

104 2895 211 2972 cupida
224 2916 324 2955 rerum
337 2919 483 2958 novarum
499 2900 590 2959 nimis
602 2901 682 2960 bello
695 2902 823 2975 favebat,
838 2910 956 2960 mutata
1056 2904 1060 2913 '

104 2999 203 3052 mente
231 2994 378 3054 Catilinae
406 2998 529 3056 consilia
553 2999 694 3071 execrari,
724 2999 895 3058 Ciceronem
918 3000 956 3058 ad

104 3091 216 3153 caelum
230 3093 335 3153 tollere
347 3116 353 3152 :
373 3096 470 3155 veluti
484 3117 522 3155 ex
537 3097 683 3156 seruitute
697 3103 799 3172 crepta
812 3097 955 3173 gaudium

68 3192 193 3263 eatque
214 3188 359 3248 laetitiam
382 3192 523 3267 agitabat.
566 3211 696 3270 namquo
718 3193 776 3249 alia
798 3192 869 3249 belli
888 3193 979 3254 faci-2
1062 3198 1064 3202 ⁴

229 3410 243 3459 7
276 3409 386 3459 Kottalo
397 3410 480 3459 would
490 3411 571 3461 atrita
580 3419 625 3461 out
635 3411 848 3474 nihil...les,atos
