2198 3720
137 315 176 357 a.
196 294 240 370 13,
260 292 309 378 14]
364 291 542 356 amaru
567 291 807 356 orrrrrmr.
948 293 984 356 11

133 449 253 522 miscua,
267 448 344 507 nihil
357 449 441 527 pensi
456 468 550 527 neque
564 450 709 509 moderati
722 449 838 527 habere
880 468 1012 528 operase

133 546 262 621 pretium
286 554 340 619 ost,
366 565 433 604 cum
458 545 559 605 domos
586 540 677 624 atque
700 547 787 606 villas
814 548 987 624 cognoveris

132 643 165 700 in
196 644 315 704 urbium
346 645 466 703 modum
498 646 715 718 exaedificatas,
748 645 843 704 visere
873 645 987 723 templa

133 740 263 811 deorum,
289 760 364 818 quac
387 741 483 800 nostri
506 742 640 812 maiores,
665 742 888 818 religiosissumi
911 761 987 800 mor·

108 838 215 910 steles,
236 838 339 898 fecere.
384 859 487 898 verum
507 840 553 898 illi
573 840 696 900 delubra
716 841 839 899 deorum
863 840 1012 918 pietates

132 934 234 994 domos
257 955 326 994 suas
349 936 444 1014 gloria
465 937 653 1011 decorabant,
674 956 771 1014 neque
795 937 884 994 victis
907 937 987 1014 quic·

132 1051 221 1108 quam
239 1043 358 1110 praeter
371 1033 498 1091 iniuriae
516 1033 668 1092 licentiam
686 1033 859 1110 eripiebant
902 1039 936 1092 at
953 1032 1010 1094 his

132 1135 237 1188 contra
260 1131 454 1208 ignavissumi
480 1132 613 1192 homines
640 1152 694 1210 per
716 1152 866 1190 summum
890 1131 986 1190 scelus
1017 1195 1019 1200 ,

132 1227 232 1284 omnia
239 1247 274 1285 ca
283 1227 369 1286 sociis
379 1229 516 1304 adimere,
527 1247 603 1305 quae
613 1228 779 1288 fortissumi
788 1228 848 1286 viri
858 1229 986 1287 victores

97 1352 120 1378 ιο
131 1324 314 1401 reliquerant
318 1344 327 1397 ;
341 1324 464 1401 proinde
472 1325 557 1402 quasi
567 1326 708 1384 iniuriam
718 1325 815 1384 facere
822 1325 854 1382 id
864 1325 984 1384 demum

132 1426 210 1480 esset
230 1421 354 1499 imperio
378 1421 432 1482 uti
475 1441 544 1480 nam
566 1420 639 1499 quid
661 1442 696 1480 ea
717 1441 883 1496 memorem,
907 1442 983 1499 quac
995 1413 1039 1485 13

131 1519 190 1576 nisi
204 1519 246 1578 eis
259 1519 312 1596 qui
325 1519 426 1578 videre
438 1520 552 1579 nemini
566 1521 719 1579 credibilia
731 1526 812 1593 sunt,
827 1541 845 1579 a
858 1521 985 1598 privatis

132 1617 322 1694 conpluribus
336 1619 493 1678 subvorsos
506 1589 631 1690 monili(
636 1620 731 1678 maria
744 1624 895 1678 constrata
905 1620 984 1678 essel

132 1717 240 1792 quibus
252 1717 325 1774 mihi
337 1717 479 1776 videntur
488 1718 618 1776 ludibrio
628 1718 721 1776 fuisso
730 1717 863 1786 divitiae,
875 1717 985 1794 quippe
997 1749 1010 1777 ο

96 1835 118 1874 ¹⁵
132 1833 205 1890 quas
218 1814 341 1874 honeste
353 1816 462 1875 habere
476 1817 593 1890 licebat,
605 1817 689 1875 abuti
702 1836 756 1894 per
765 1815 984 1892 turpitudinem

131 1912 337 1988 properabant
380 1911 432 1971 sed
456 1913 559 1972 lubido
581 1933 692 1991 ganeae
713 1913 862 1990 ceterique
886 1913 1010 1975 cultura

131 2027 192 2066 non
206 2009 304 2068 minor
316 2010 489 2071 incesserat:
504 2011 641 2070 vescendi
657 2031 746 2070 causa
757 2018 838 2069 terra
851 2012 984 2089 murique

131 2105 231 2163 omnia
244 2107 408 2183 exquirere,
423 2098 552 2167 donnire
565 2108 647 2187 priua
661 2129 750 2185 quam
767 2109 863 2166 somni
877 2109 984 2186 cupido

131 2206 216 2276 esset,
230 2221 290 2260 non
302 2203 412 2262 famem
423 2216 476 2262 aut
487 2204 569 2262 sitim
579 2225 675 2282 neque
686 2206 780 2282 frigus
794 2225 890 2282 neque
904 2206 985 2263 lassi-

94 2323 120 2349 20
131 2298 265 2356 tudinem
291 2300 420 2378 opperiri
442 2300 494 2359 sed
518 2321 553 2360 ea
576 2302 676 2360 omnia
702 2303 776 2359 luxu
799 2309 982 2378 antecapere.

131 2395 203 2454 haec
226 2396 426 2468 'mntutcm
448 2397 502 2455 ubi
524 2397 686 2456 familiares
710 2417 780 2475 opes
804 2398 1010 2470 defecerant,4

132 2492 170 2550 ad
196 2493 329 2553 facinora
354 2495 560 2555 incendebant.
602 2497 720 2554 animus
747 2497 871 2555 inbutus
900 2497 1009 2564 maliss

132 2590 246 2649 artibus
256 2590 337 2649 haud
347 2590 434 2650 facile
445 2592 630 2651 lubidinibus
641 2594 761 2652 carebat
766 2613 776 2667 ;
790 2613 824 2652 eo
834 2593 985 2671 profusius

132 2687 269 2745 omnibus
281 2688 377 2746 modis
387 2690 525 2765 quaestui
538 2695 628 2766 atque
638 2690 773 2766 sumptui
782 2690 901 2748 deditus
912 2697 982 2749 erat

94 2813 119 2850 25
192 2784 232 2841 In
253 2789 340 2842 tanta
356 2789 478 2861 tamque
497 2791 643 2863 conrupta
656 2785 780 2844 civitate
794 2786 935 2860 Catilina,
952 2786 984 2846 id
1001 2774 1047 2845 14

132 2881 211 2958 quod
233 2881 317 2939 factu
339 2881 526 2939 facillumum
547 2887 621 2954 erat,
647 2882 781 2941 omnium
802 2882 984 2960 flagitiorum

132 2984 222 3056 atque
243 2978 410 3036 facinorum
432 2978 542 3036 circum
571 2998 602 3037 se
629 2985 783 3056 tamquam
804 2980 984 3057 stipatorum

181 3159 196 3206 3
230 3155 411 3206 exaedificatas
422 3155 468 3205 Po
478 3155 627 3204 Priarioaac
638 3152 789 3204 aedificatas
803 3154 824 3205 G

182 3239 213 3286 18
245 3240 377 3288 constrata
389 3238 593 3288 reconstruere
607 3237 627 3285 0
639 3236 790 3302 (Klimrcbo)
801 3238 959 3286 contractas
1072 3262 1076 3274 ·

182 3319 213 3368 26
246 3318 433 3380 flagitiosorum
450 3322 528 3380 atque
544 3318 750 3370 facinorosorum
766 3318 824 3383 ιβ)
849 3320 983 3381 (Freodca

136 3400 202 3466 bero)

180 3484 213 3534 2?
244 3482 415 3548 stipationem
434 3485 557 3552 Biaaffetd
