2198 3720
921 33 1021 84 μ’μ’

872 87 904 139 ,,

102 266 140 306 a.
157 243 206 319 21,
221 241 273 327 22]
307 242 485 304 enarra
509 143 852 319 022222222β
914 243 951 305 19

103 392 205 452 aberit
248 392 321 451 haec
338 393 410 470 ipsa,
425 399 461 451 ut
481 414 575 471 spero,
596 369 748 452 vobiscum
768 413 829 451 222
849 392 952 451 consul
965 419 991 460 ιφ

102 509 196 565 agam,
222 489 282 547 uisi
305 489 383 548 forte
407 496 454 548 me
472 491 589 547 animus
609 490 691 548 fallit
711 495 743 548 et
765 508 818 548 vos
841 488 953 547 servire

82 586 196 679 Μὴ
210 605 299 663 quam
313 587 458 663 imperare
472 587 570 664 parati
584 585 676 644 estis’.

163 683 324 760 Postquam
352 702 489 760 accepere
516 703 551 742 ea
578 682 720 756 hominos,
743 682 851 761 quibus
875 671 1007 740 2221221

78 812 89 847 5
104 781 220 840 abunde
229 783 329 840 omnia
342 789 436 855 erant,
452 766 502 840 ded
517 801 612 858 neque
626 801 673 840 res
685 801 782 858 neque
796 801 864 860 spes
875 781 954 839 bona

104 878 173 952 ulla,
201 879 323 936 tametsi
350 879 410 936 illis
436 878 539 955 quieta
566 897 684 936 movere
711 897 819 954 magna
842 895 954 935 merces

103 977 269 1051 videbatur,
284 983 387 1034 tamen
400 977 588 1054 postulavere
601 975 743 1054 plerique,
758 981 794 1032 ut
814 994 955 1052 propone

103 1078 158 1147 ret,
173 1094 248 1152 quae
266 1076 399 1133 condicio
420 1075 492 1133 belli
512 1075 599 1147 foret,
619 1094 695 1152 quae
713 1075 845 1152 praemia
864 1073 955 1132 armis

103 1177 247 1247 peterent,
262 1171 334 1248 quid
349 1172 459 1248 ubique
472 1172 537 1248 opis
550 1177 604 1229 aut
616 1171 679 1248 spei
695 1171 874 1271 haberentzj
889 1177 954 1229 tum
967 1200 980 1229 2

67 1297 91 1324 ιο
104 1268 234 1327 Catilina
247 1270 380 1347 polliceri
396 1271 514 1328 tabulas
534 1289 635 1342 novas,
651 1270 895 1346 proscriptionem
915 1270 955 1328 lo·

48 1388 54 1400 ·
104 1367 276 1444 cupletium,
304 1366 505 1443 magistratus,
533 1366 707 1439 sacerdotia,
739 1366 868 1444 rapinas,
895 1366 955 1424 2112

103 1465 210 1538 omnia,
239 1484 315 1542 quae
341 1463 454 1522 bellum
475 1469 565 1541 atque
588 1463 691 1521 lubido
715 1463 871 1527 victorum,
884 1463 953 1522 fert.

103 1569 256 1639 praeterea
277 1581 340 1621 esse
364 1563 397 1620 iu
418 1562 568 1639 Hispania
589 1561 725 1620 citeriore
754 1561 900 1634 Pisonem,
922 1562 979 1625 ius

104 1661 295 1720 Mauretania
317 1681 384 1719 cum
409 1661 542 1720 exercitu
563 1660 596 1719 P.
615 1660 739 1719 Sittium
758 1659 953 1734 Nucerinum,

67 1787 91 1822 15
104 1760 206 1817 consili
227 1760 273 1818 sui
291 1760 450 1838 participes
459 1781 468 1834 3
488 1765 590 1837 petere
610 1759 796 1817 consulatum
810 1757 842 1818 0.
859 1759 955 1818 Anto

104 1859 196 1929 nium,
212 1877 301 1934 quem
322 1857 380 1915 sibi
401 1857 542 1933 collegam
560 1856 624 1914 iore
643 1861 783 1932 speraret,
804 1855 955 1914 hominem

104 1962 135 2012 et
147 1954 324 2013 familiarem
338 1961 370 2014 et
388 1956 525 2013 omnibus
535 1954 810 2024 ,necessitudinibus
831 1955 954 2014 circum·

104 2058 228 2109 ventum
238 2072 247 2126 3
268 2071 335 2109 cum
350 2071 384 2109 eo
403 2071 434 2109 se
453 2051 604 2109 consulem
622 2051 744 2109 initium
765 2051 877 2128 agundi
897 2052 955 2111 120

103 2155 213 2208 turum.
257 2149 295 2208 ad
309 2151 365 2208 hoc
378 2150 544 2208 maledictis
557 2149 731 2226 increpabat
744 2151 840 2232 omnis
852 2151 979 2226 bonos„

66 2280 92 2308 ρο
104 2267 224 2306 suorum
252 2269 345 2306 unum
370 2268 516 2326 quemque
543 2249 700 2308 nominans
727 2249 869 2311 laudere:
903 2249 954 2308 ad·

104 2347 243 2404 monebat
269 2348 361 2404 alium
389 2347 530 2424 egestatis
551 2349 644 2406 alium
671 2348 845 2426 cupiditatis
873 2368 953 2420 suae,
1046 2381 1050 2389 ·

105 2427 254 2518 conpluris
270 2444 394 2519 periculi
415 2450 469 2501 aut
486 2444 800 2520 ignominiae,multos
813 2445 955 2504 victoriae

105 2539 252 2613 Sullanae,
268 2541 376 2617 quibus
387 2560 422 2598 ea
435 2540 562 2619 praedae
575 2540 682 2600 fuerat.
725 2548 882 2620 postquam
897 2561 979 2606 oms

104 2636 189 2693 nium
199 2637 313 2695 animos
323 2637 429 2696 2120212
439 2638 531 2712 videt,
543 2637 721 2711 cohortatus,
732 2645 767 2697 ut
780 2639 956 2716 petitionem

67 2764 92 2801 25
104 2753 188 2791 suam
204 2754 292 2792 curae
305 2734 459 2807 haberent,
474 2740 654 2794 conventum
668 2735 790 2794 dimisit.
825 2736 908 2794 tuere
922 2756 957 2794 ea
970 2734 1016 2804 22

104 2836 281 2907 tempestate
303 2831 355 2908 qui
375 2831 509 2890 dicerent
528 2831 687 2890 Catilinam
701 2832 834 2890 oratione
854 2832 958 2891 habita

105 2948 172 2985 cum
186 2928 224 2985 ad
238 2927 444 2985 iusiurandum
459 2928 610 3005 popularis
624 2928 742 2986 sceleris
752 2929 799 2986 sui
813 2928 953 3006 adigeret,

105 3024 229 3081 humani
248 3024 378 3101 corporis
391 3024 566 3100 sanguinem
580 3025 651 3083 vino
663 3025 846 3102 permixtum
859 3025 892 3083 iu
905 3045 957 3102 pa·

105 3123 178 3179 teris
200 3121 434 3193 circumtulisse,
463 3119 533 3178 inde
557 3141 625 3178 cum
647 3126 714 3197 post
739 3122 981 3181 execrationem

66 3238 207 3293 ,eomnes
227 3218 472 3295 degustavissent,
489 3219 580 3277 sicuti
599 3219 632 3276 in
653 3219 845 3278 sollemnibus
866 3220 957 3278 sacris

154 3389 185 3436 23
216 3387 328 3450 praedae
339 3389 451 3454 fueratp
462 3389 558 3454 praeda
567 3389 622 3442 luit
633 3390 654 3440 P

150 3471 183 3516 30
212 3468 291 3520 sicuti
301 3473 350 3522 ΡΟ
359 3472 460 3526 210210
473 3475 587 3528 sicutte
600 3477 620 3527 J
622 3472 731 3527 0222212
742 3478 802 3523 teat
814 3450 976 3592 0222Ψὲ21

851 3550 928 3604 Ἰὼ.
