2198 3720
133 283 170 340 ta
257 341 261 349 ,
343 284 375 344 0.
398 284 600 344 SALLVSTI
626 284 772 344 CRISPI
891 283 981 364 [a52

95 446 119 484 aa
131 431 202 504 rint,
217 432 249 488 in
263 432 412 490 miseriam
426 436 589 489 convertat.
623 431 735 489 scilicet
745 451 792 488 res
802 432 867 508 ipsa
877 450 982 508 aspera

132 535 185 605 est,
203 529 255 588 sed
268 549 322 588 vos
334 549 396 588 non
408 530 524 588 timetis
537 548 609 588 eam.
642 530 734 588 immo
747 549 819 588 vero
832 549 979 590 maxume.

132 626 183 685 sed
195 627 305 686 inertia
318 634 350 686 et
362 627 488 686 mollitia
508 628 602 686 animi
619 628 696 686 alius
714 628 806 686 alium
825 634 983 705 expectan-

132 729 177 783 tes
201 724 392 796 cunctamini,
412 724 553 782 videlicet
573 723 619 782 dis
641 724 850 783 inmortalibus
871 726 981 798 confisi,

132 822 184 896 qui
197 821 274 879 hanc
287 840 349 879 rem
363 821 512 897 publicam
527 839 614 896 saepe
627 820 660 878 in
679 821 826 879 maxumis
843 821 1007 898 periculiss

95 947 121 986 29
132 937 294 977 servavere.
338 938 398 976 non
416 919 493 977 votis
511 938 608 996 neque
622 919 775 996 suppliciis
789 920 982 978 muliebribus

132 1016 246 1076 auxilia
267 1016 388 1075 deorum
411 1022 574 1093 parantur:
598 1003 750 1094 vigilando
769 1017 888 1094 agundo
907 1019 982 1076 bene

132 1114 316 1174 consulundo
329 1134 469 1192 prospera
483 1116 583 1174 omnia
601 1117 719 1175 cedunt.
762 1117 815 1175 ubi
832 1116 982 1175 socordiae

131 1217 163 1290 te
185 1219 275 1290 atque
298 1212 434 1290 ignaviae
457 1215 624 1288 tradideris,
645 1216 825 1292 nequiquam
850 1215 919 1272 deos
940 1214 983 1270 in-

95 1346 121 1384 30
132 1311 247 1388 plores:
267 1311 338 1369 irati
351 1311 512 1390 infestique
525 1319 604 1372 sunt
637 1314 717 1391 apud
731 1313 856 1371 maiores
865 1318 982 1371 nostros
995 1333 1019 1360 ιο

132 1409 172 1465 Α.
198 1407 329 1466 Manlius
349 1408 517 1486 Torquatus
536 1410 615 1468 bello
635 1410 750 1468 Gallico
769 1410 865 1467 filium
886 1429 981 1478 suum,

133 1504 260 1582 quodie
284 1510 389 1562 contra
409 1505 568 1582 imperium
592 1507 625 1564 in
648 1506 763 1564 hostem
787 1511 981 1584 pugnaverat,

96 1628 120 1665 32
133 1600 233 1659 necari
247 1600 343 1673 iussit,
352 1606 442 1677 atque
456 1602 507 1660 ille
521 1602 655 1679 egregius
669 1602 840 1660 adulescens
854 1603 982 1660 inmode-

133 1703 216 1756 ratae
230 1696 416 1755 fortitudinis
429 1704 525 1756 morte
537 1717 647 1774 poenas
660 1698 749 1756 dedit
794 1718 847 1757 vos
865 1698 903 1756 dc
920 1719 983 1757 cru-

133 1795 300 1854 delissumis
327 1795 482 1872 parricidis
509 1796 581 1874 quid
607 1797 749 1854 statuatis
782 1797 1019 1860 cunctaminil15

97 1918 120 1956 32
135 1894 272 1952 videlicet
299 1899 398 1952 cetera
425 1895 489 1952 vita
516 1914 617 1953 eorum
645 1895 715 1952 huic
743 1894 847 1952 sceleri
873 1895 979 1952 obstat.

97 2016 121 2054 ³3
134 2012 238 2050 verum
251 1991 364 2068 parcite
378 1992 520 2069 dignitati
538 1992 668 2064 Leutuli,
684 1992 710 2050 si
728 1992 791 2068 ipsc
812 1993 982 2070 pudicitiae,

134 2090 160 2146 si
180 2089 278 2147 famae
298 2107 377 2160 suae,
392 2089 418 2145 si
436 2089 482 2146 dis
498 2094 553 2146 aut
569 2088 739 2147 hominibus
758 2109 899 2166 umquam
914 2091 984 2149 ullis

134 2185 272 2263 pepercit.
326 2184 469 2261 ignoscite
504 2184 628 2262 Cethegi
662 2184 889 2259 adulescentiae,
906 2266 908 2268 Ι
925 2189 983 2245 nisi

98 2284 244 2341 aiterum
270 2283 385 2360 patriae
412 2283 523 2341 bellum
551 2283 630 2342 fecit.
674 2303 744 2342 nam
771 2286 843 2362 quid
870 2306 923 2362 ago
947 2288 1021 2344 deae

135 2379 263 2438 Gabinio
282 2379 402 2436 Statilio
424 2379 566 2456 Caepario
587 2379 710 2457 loquarl
731 2382 839 2458 quibus
859 2383 886 2439 si
905 2376 984 2459 quic

135 2498 224 2555 quam
237 2496 378 2554 umquam
391 2477 477 2554 pensi
493 2477 608 2550 fuisset,
623 2498 684 2537 non
702 2499 733 2536 ea
755 2480 877 2538 consilia
897 2480 934 2538 de
952 2501 984 2538 re

97 2574 254 2651 republica
266 2573 448 2631 habuissent
491 2580 648 2651 postremo,
661 2582 762 2651 patres
775 2577 942 2654 conscripti,
958 2579 984 2636 si

134 2671 301 2730 mehercule
327 2677 448 2748 peccato
469 2671 551 2730 locus
572 2680 658 2744 essct,
679 2673 767 2732 facile
788 2679 907 2751 paterer
930 2695 983 2733 vos

134 2769 200 2845 ipsa
220 2787 253 2826 re
277 2766 394 2843 corrigi,
415 2769 554 2844 quoniam
577 2769 668 2826 verba
689 2771 887 2830 contemnitis.
930 2773 982 2829 sed
994 2803 1018 2840 25

184 2964 200 3014 6
232 2977 315 3028 neque
327 2962 460 3024 ovaque
472 2963 494 3012 0
504 2965 581 3025 atque
592 2964 616 3013 ia
626 2965 721 3013 altered
733 2971 757 3014 to
769 2979 851 3026 neque
861 2967 885 3014 P

184 3048 200 3094 8
232 3059 353 3107 prospera
361 3044 449 3094 omnia
457 3047 481 3094 P
491 3045 704 3109 prosperecmnia
714 3047 883 3098 PlVServiua
894 3049 983 3112 (Wtrz)

185 3126 215 3174 11
249 3114 544 3188 auluePthorgz

185 3207 216 3259 17
249 3207 530 3257 uerumGueroPOV

186 3288 217 3337 18
249 3291 295 3337 aut
305 3289 352 3338 ΡΟ
361 3289 439 3350 atque
446 3302 466 3351 p
473 3288 511 3351 (iu
520 3291 628 3354 marytre)
646 3292 667 3340 C
670 3291 693 3340 V

185 3371 217 3418 20
248 3368 609 3421 iterumPGViterumiamG

144 3513 148 3519 ὁ
184 3451 215 3499 21
249 3451 347 3503 statilio
357 3452 460 3515 gabinio
474 3453 603 3519 VlVoacl)
