2198 3720
127 215 151 254 o.
167 193 219 274 51]
358 196 463 252 BELL
471 197 532 254 VM
557 195 799 256 CATILINAE.
940 199 977 255 47

127 361 234 417 poenas
258 343 348 402 dedit.
391 349 494 402 nostra
517 343 658 401 memoria
681 343 777 403 victor
804 344 888 402 Sulla
911 363 978 402 oum
991 367 1016 405 ³2

128 440 342 518 Damasippum
353 446 384 498 et
395 441 468 498 alios
478 441 631 513 eiusmodi,
640 442 692 518 qui
702 442 781 500 malo
791 442 834 500 rei
844 441 979 519 publicae

126 542 287 608 creverant,
313 536 443 612 iugulari
470 536 566 606 iussit,
593 537 660 613 quis
687 557 746 595 non
775 538 888 596 iactum
915 538 980 596 ciue

72 648 75 656 ·
125 635 286 693 laudabat?
326 634 460 693 homines
474 636 611 692 scelestos
624 641 656 691 et
672 634 819 706 factiosos,
835 635 888 712 qui
905 635 980 694 ecdi-

100 754 113 793 3
126 734 258 792 tionibus
267 753 330 792 rem
341 734 490 810 publicam
498 733 734 810 exagitaverant,
744 733 850 791 merito
859 739 979 791 necatos

127 830 253 888 aiebant
297 820 354 887 sed
372 848 408 887 ea
431 849 478 887 res
501 848 625 905 magnae
649 828 771 886 initium
795 829 886 886 cladis
909 829 976 887 fuit.
992 852 1017 890 33

127 947 195 985 nam
207 928 254 985 uti
261 927 386 1004 quisque
395 928 514 985 domum
525 935 578 985 aut
587 927 698 998 villam,
708 935 855 1003 postremo
863 946 916 1010 ras
926 934 981 985 aut

128 1027 339 1083 vestimentum
363 1026 489 1084 alicuius
510 1026 727 1101 concupiverat,
750 1026 840 1084 dabat
861 1045 979 1102 operam

127 1128 163 1180 ut
176 1123 202 1180 ie
215 1122 248 1179 in
261 1123 491 1199 proscriptorum
506 1142 628 1179 numero
639 1127 722 1179 esset
751 1122 797 1180 ita
806 1122 858 1194 illi,
872 1123 980 1198 quibus
993 1144 1018 1181 34

93 1247 119 1276 ιο
129 1220 305 1297 Damasippi
317 1240 396 1278 mors
410 1221 541 1278 laetitiae
551 1220 659 1293 fuerat,
670 1219 759 1297 paulo
772 1226 839 1296 poet
851 1220 910 1296 ipri
922 1225 981 1277 tra·

88 1394 89 1398 ¹
128 1319 285 1387 hebantur,
308 1336 405 1393 nequo
428 1305 511 1393 prius
533 1315 603 1374 finis
626 1315 781 1391 iugulandi
807 1316 868 1373 fuit
892 1336 980 1392 quam

129 1417 212 1477 Sulla
225 1417 322 1475 omnis
339 1435 408 1473 suos
424 1415 538 1472 divitiis
551 1414 691 1490 explevit
733 1423 823 1491 atque
837 1434 890 1490 ego
909 1413 1017 1474 baccas

129 1534 190 1572 non
207 1515 240 1570 in
259 1513 301 1571 M.
317 1512 415 1570 Tullio
429 1530 525 1586 noque
543 1510 590 1568 his
606 1510 789 1586 temporibus
802 1529 913 1583 vereor,
929 1510 980 1568 sod

129 1613 163 1668 in
189 1629 297 1686 magna
319 1608 441 1666 civitate
465 1607 561 1664 multa
584 1611 616 1664 et
642 1606 726 1664 varia
754 1607 873 1682 ingenia
899 1612 978 1665 eunt.

95 1730 118 1768 ι3
130 1714 228 1786 potest
242 1708 300 1766 alio
316 1712 448 1781 tempore
462 1706 521 1762 alio
535 1704 663 1782 consule,
678 1705 727 1774 cui
744 1705 818 1762 item
832 1705 981 1762 exereitus
994 1719 1018 1767 33

130 1809 162 1866 10
176 1826 266 1865 manu
281 1806 329 1877 sit,
344 1804 453 1862 falsum
468 1803 579 1880 aliquid
593 1822 648 1880 pro
661 1822 732 1861 vero
746 1803 842 1862 credi:
861 1803 912 1860 ubi
926 1802 981 1860 hoc

130 1905 265 1981 exemplo
295 1922 349 1980 per
381 1909 502 1960 senatus
532 1901 683 1960 decretum
714 1900 816 1959 conoul
849 1900 978 1977 gladium

130 2003 275 2074 eduxerit,
295 2002 361 2077 quie
381 2001 427 2059 illi
447 2002 536 2058 finem
556 2006 671 2058 statuet
690 2006 744 2058 aut
762 2001 829 2076 quis
850 1999 980 2056 modera·

130 2101 231 2159 bituri
281 2101 406 2158 maiores
433 2099 536 2169 nostri,
565 2105 664 2176 patres
691 2097 871 2174 conscripti,
886 2114 982 2171 neque
995 2122 1019 2160 37

95 2224 120 2252 w
131 2197 235 2256 consili
252 2215 348 2272 neque
361 2195 501 2255 audaciae
520 2213 659 2271 umquam
678 2213 792 2270 aguero,
808 2212 904 2270 neque
922 2192 983 2250 illis
1031 2245 1034 2249 .

131 2295 270 2371 superbia
292 2292 429 2351 obstabat
453 2310 512 2368 quo
535 2292 635 2349 minus
658 2290 755 2348 aliena
782 2290 931 2362 instituta,
957 2260 992 2347 ei

131 2393 218 2450 modo
239 2392 331 2468 proba
350 2397 443 2462 eraut,
466 2391 664 2447 imitarentur.
706 2408 789 2446 arma
809 2395 899 2464 atque
916 2387 1019 2468 ,131033

131 2489 273 2549 militaria
286 2491 324 2548 ab
344 2489 537 2560 Samnitibus,
552 2487 681 2564 insignia
699 2487 925 2563 magistratuum
945 2485 982 2542 ab

131 2587 235 2646 Tuscia
248 2586 388 2664 pleraque
399 2590 598 2661 sumpserunt.
625 2590 774 2660 postremo
783 2581 863 2659 quod
873 2581 983 2657 ubique

95 2686 212 2762 aapud
239 2685 332 2743 socios
359 2690 413 2742 aut
438 2683 532 2741 bostis
560 2683 700 2742 idoneum
723 2681 890 2751 videbatur,
915 2697 983 2737 oum

132 2801 247 2842 summo
274 2783 373 2841 studio
397 2782 477 2841 domi
500 2782 732 2857 exequebantur,
758 2777 870 2837 imitari
894 2795 983 2854 quam
1096 2764 1098 2768 ⁸

132 2878 267 2936 invidere
283 2878 370 2935 bonis
388 2877 546 2936 malebant.
590 2878 641 2934 sed
661 2876 763 2934 codem
781 2875 833 2933 illo
851 2880 983 2949 tempore
995 2897 1020 2938 ³⁹

279 3115 295 3165 6
322 3113 427 3164 initium
438 3113 677 3176 magnaocladiat'

280 3195 312 3243 10
343 3193 393 3243 fuit
407 3195 430 3242 V

281 3277 312 3325 12
341 3275 588 3337 atquohaeoogot'

281 3356 312 3402 22
344 3369 418 3404 arma
429 3355 482 3403 tela
493 3358 570 3416 atque
581 3354 707 3404 militaria
719 3357 739 3404 G
750 3355 821 3418 (tuot
