2198 3720
122 230 138 286 2
327 229 359 289 0.
390 226 594 288 SALLVSPI
620 227 764 289 oaJsPl
901 229 937 311 [a
956 237 989 290 ,t

119 399 226 456 eorpus
239 379 435 437 exercebant:
456 379 631 438 etiamtum
653 380 718 439 vita
735 380 891 438 hominum
909 380 976 439 sine
999 384 1030 457 Χ

118 477 283 553 eupiditate
307 477 487 556 agitabatur,
499 484 564 553 Jsua
585 470 694 555 auique
712 480 786 537 satis
806 479 973 555 placebant.
1007 542 1010 549 ,
1036 476 1038 483 ’

34 608 37 615 ·
89 600 107 629 -ι
119 579 222 649 postea
235 593 306 630 vero
320 592 410 649 quam
424 573 457 631 in
471 574 548 632 Asia
567 573 672 651 Oyrus,
687 575 720 632 in
738 575 864 633 Graecia
884 574 975 634 Laee-

13 736 16 741 ,
119 670 268 728 daemonii
289 674 320 727 et
340 670 541 728 Athenienses
562 689 682 746 coepere
706 671 789 729 urbis
812 677 903 747 atque
925 691 978 729 na

119 767 216 825 1111111
229 766 373 842 subigere,
388 766 553 824 lubidinem
571 766 748 824 'dominandi
766 786 885 825 eausam
903 767 1003 842 bellis

120 862 237 934 habere,
265 881 437 920 maxumam
464 863 589 939 gloriam
615 862 648 920 in
676 883 816 922 maxumo
850 864 977 941 imperio

120 965 236 1037 putare,
257 965 322 1017 tum
350 958 469 1016 demum
491 959 622 1035 periculo
643 966 733 1037 atque
753 961 880 1037 negotiis
900 981 978 1020 eom-

120 1063 238 1133 pertum
266 1062 320 1126 eet,
341 1055 374 1112 in
403 1055 481 1112 bello
508 1055 680 1131 plurumum
707 1057 859 1133 ingenium
879 1078 974 1135 posse.

96 1135 228 1231 ‚quodsi
245 1172 347 1231 regum
367 1158 458 1230 atque
475 1154 687 1230 imperatorum
708 1156 802 1212 animi
822 1157 919 1214 virtus
943 1157 977 1216 in

121 1270 194 1329 paee
207 1251 252 1309 ite
265 1251 344 1309 utin
360 1252 438 1309 bello
453 1253 574 1325 valeret,
594 1253 779 1330 aequabilius
797 1261 887 1331 atque
906 1274 974 1313 eon·
992 1289 1017 1315 10

123 1350 253 1409 stantius
274 1368 337 1408 sese
360 1370 408 1408 res
430 1351 578 1409 humanae
598 1351 753 1424 haberent,
774 1353 977 1441 nequeflaliud

123 1447 182 1506 alio
195 1446 268 1504 ferri
281 1467 377 1524 neque
392 1450 503 1507 mutari
520 1469 555 1508 ae
574 1451 690 1508 misceri
711 1450 812 1508 omnia
830 1470 972 1510 cerneres

98 1564 191 1608 4nam
212 1545 369 1622 imperium
391 1547 477 1603 facile
494 1546 536 1603 eis
555 1547 671 1604 artibus
691 1548 847 1619 retinetur,
866 1548 976 1625 quibus

99 1643 211 1709 sinitio
227 1651 347 1720 partum
369 1650 421 1703 est.
467 1664 571 1702 verum
592 1646 645 1702 ubi
665 1665 720 1721 pro
736 1646 837 1703 labore
851 1645 974 1721 desidia,

123 1761 177 1818 pro
192 1743 378 1800 continentia
391 1749 423 1801 et
436 1743 588 1819 aequitate
608 1744 711 1802 lubido
730 1749 820 1821 atque
837 1743 976 1819 superbia
989 1770 1014 1811 ις

124 1839 267 1909 invasere,
293 1839 415 1897 fortuna
438 1840 528 1897 simul
552 1860 618 1898 eum
642 1842 774 1899 moribus
797 1842 973 1899 inmutatur.

100 1937 169 2004 ⁶ita
198 1938 355 2014 imperium
384 1957 499 2015 semper
525 1937 563 1996 ad
591 1944 748 2014 optumum
769 1938 924 2017 ¹quemque
958 1957 977 1998 a

125 2034 223 2091 minus
237 2035 314 2092 bono
329 2035 517 2095 transfertur.
778 2037 781 2041 ’

101 2166 112 2203 ⁷
186 2131 269 2201 Quae
283 2131 417 2188 homines
431 2140 518 2189 arant
531 2132 675 2207 navigant
689 2130 856 2205 aedificant,
868 2133 977 2193 virtuti

101 2230 225 2294 somnia
249 2235 361 2306 parent.
406 2230 456 2287 sed
481 2231 570 2287 multi
591 2231 731 2288 mortales
758 2231 851 2290 dediti
877 2232 1014 2292 ventrizo

125 2335 215 2404 atque
236 2345 338 2383 somno
357 2327 470 2384 indocti
489 2327 653 2403 incultique
672 2327 765 2385 vitam
785 2328 875 2386 sicuti
897 2322 978 2406 frere-

125 2424 277 2499 grinantes
291 2424 448 2480 transiere:
467 2424 575 2498 quibus
583 2410 716 2499 prolecto
725 2431 829 2482 eontra
838 2432 977 2484 naturam

126 2539 232 2596 eorpus
260 2520 417 2595 voluptati,
445 2520 545 2577 anima
571 2521 655 2576 oneri
682 2518 749 2577 fuit.
793 2539 894 2579 eorum
922 2541 977 2600 ego

126 2619 218 2674 vitam
235 2627 418 2695 mortemque
432 2618 519 2675 iuxta
532 2611 676 2689 aestumo,
691 2618 832 2696 quoniam
846 2619 883 2677 de
897 2626 978 2679 utra·

100 2751 113 2790 9
126 2714 308 2792 que'siletur.
341 2734 443 2772 verurn
460 2715 609 2772 enimvero
625 2714 651 2771 is
662 2714 779 2772 demum
791 2714 865 2774 mihi
876 2716 977 2776 vivere
991 2749 1015 2790 25

126 2819 216 2889 atque
231 2813 291 2870 frui
304 2802 405 2870 anima
418 2813 547 2884 videtur,
562 2812 615 2889 qui
628 2812 728 2890 aliquo
744 2814 864 2891 negotio
882 2814 978 2873 inten-

175 3007 191 3055 8
224 3008 263 3054 est
279 3005 345 3068 aster
360 3008 521 3067 compertum
537 3007 561 3054 ia
580 3006 685 3055 omitted
699 3007 728 3054 in
742 3003 863 3055 Jordan'a
881 3005 977 3068 really

126 3086 232 3136 mittete

176 3166 208 3214 13
240 3165 381 3228 hissoreis
392 3168 502 3216 Kattala

175 3247 207 3294 22
241 3246 366 3296 transiere
379 3249 399 3297 0
410 3248 559 3297 Priscianua
573 3248 672 3297 Nonius
688 3248 814 3309 (Dietaeb)
831 3248 979 3308 tranmgere

125 3326 171 3376 ΡΟ
194 3330 309 3378 Domtue
326 3331 428 3379 serviae
446 3330 552 3395 (Menael
569 3329 692 3394 aalma)
716 3328 827 3381 transire
849 3329 901 3379 aad
920 3343 980 3380 over

120 3411 166 3458 tlte
176 3412 230 3461 line
242 3413 281 3463 rel
294 3417 438 3477 1111118111
449 3412 484 3460 P1
