2198 3720
176 243 214 300 54
387 241 418 300 o.
442 240 645 300 sssarsrr
672 238 817 299 oarsrr
932 239 967 321 [a.
984 242 1022 300 aa

150 408 162 446 4
175 391 302 447 Graecos
315 387 409 465 gloria
421 387 494 463 belli
504 387 606 446 Gallos
616 392 687 445 anto
697 386 848 464 Romanos
859 387 957 446 fuisse.
990 409 1024 447 ao

174 486 249 544 mihi
270 485 366 543 multa
389 484 518 560 agitanti
542 483 698 542 constabat
723 501 884 558 paucorum
913 484 1023 543 oivium

174 583 320 660 egregiam
334 583 478 640 virtutem
492 588 599 639 cuncta
616 581 781 657 patravisse
799 602 891 659 eoque
909 583 1024 640 factum

174 679 222 738 uti
233 678 355 738 divitias
368 684 535 756 paupertas,
550 678 775 736 multitudinem
787 679 922 754 paucitas
941 699 1024 756 supe-

53 807 57 815 *
151 782 260 846 sraret
304 777 355 836 sed
381 781 538 854 postquam
566 776 641 833 luxu
668 782 758 852 atque
782 775 896 833 desidia
919 777 1048 841 civitass

174 872 320 953 oonrupta
340 881 395 956 est,
416 894 519 933 rursus
538 894 585 933 res
605 874 725 951 publica
745 873 1024 950 magnitudinesua

174 975 383 1049 imperatorum
398 977 488 1049 atque
501 973 730 1048 magistratuum
744 971 819 1028 vitia
837 974 1024 1030 sustentabat

174 1091 219 1141 ac,
234 1070 323 1129 sicuti
337 1071 426 1129 effeta
438 1077 568 1148 parente,
586 1071 689 1128 multis
703 1069 929 1146 tempestatibus
943 1069 1023 1128 haud

151 1185 245 1227 asana
265 1167 420 1246 quisquam
443 1168 555 1225 Romae
580 1167 693 1225 virtute
715 1185 841 1243 magnus
861 1166 927 1225 fuit
971 1168 1022 1225 sed

173 1264 316 1322 memoria
328 1283 395 1322 mea
408 1264 523 1341 ingenti
536 1264 651 1321 virtute
662 1263 789 1322 divorsis
799 1263 931 1321 moribus
939 1263 1022 1323 tuere
1036 1296 1058 1320 10

174 1360 233 1418 viri
251 1359 310 1418 duo
329 1359 375 1418 M.
395 1359 469 1418 Cato
487 1366 519 1418 et
535 1359 566 1418 Ο.
587 1360 713 1418 Caesar:
735 1379 808 1436 quos
822 1361 962 1436 quoniam
975 1381 1022 1418 res

174 1457 331 1528 obtulerat,
355 1457 474 1515 silentio
501 1457 663 1534 praeterire
684 1475 745 1513 non
769 1456 830 1513 fuit
844 1457 1020 1529 eonsilium,

174 1554 247 1631 quin
261 1553 417 1631 utriusque
431 1558 569 1610 naturam
583 1557 615 1609 et
629 1571 731 1624 moras,
744 1558 890 1629 quantum
904 1553 1022 1630 ingenio

112 1659 157 1728 54
173 1669 297 1727 possam,
312 1649 465 1726 aperirem.
507 1649 600 1724 igitur
620 1649 662 1706 eis
681 1667 774 1724 genus
792 1655 874 1707 aetas
888 1650 1023 1727 eloquen-

174 1747 218 1805 tia
231 1766 322 1824 prope
335 1745 469 1822 aequalia
483 1745 574 1816 fuere,
586 1744 758 1820 magnitudo
772 1746 865 1807 animi
877 1765 940 1823 par,
950 1746 1020 1804 itam
1037 1777 1059 1813 15

150 1873 161 1898 α
174 1845 275 1922 gloria,
290 1844 342 1902 sed
356 1844 415 1901 alia
428 1844 487 1902 alii.
526 1844 633 1901 Caesar
646 1843 791 1901 benificiis
805 1863 839 1901 ao
854 1845 1023 1902 munificen-

174 1941 218 1999 tia
231 1959 356 2018 magnus
369 1939 542 2011 habebatur,
557 1939 732 2015 integritate
746 1940 826 1998 vitae
848 1941 929 2001 Cato.
972 1942 1023 2000 ille

175 2025 402 2098 mansuetudine
425 2044 457 2096 et
483 2022 683 2095 misericordia
707 2037 803 2095 clarus
827 2037 933 2111 iactus,
954 2039 1025 2097 huic

151 2163 161 2199 3
175 2138 317 2196 severitas
330 2136 507 2214 dignitatem
520 2136 681 2194 addiderat.
725 2135 833 2193 Caesar
847 2136 945 2194 dando
958 2138 1025 2195 sub-

174 2235 300 2294 levando
323 2235 514 2312 ignoscundo,
534 2235 609 2293 Cato
629 2234 704 2291 nihil
724 2233 880 2310 largiundo
900 2235 1024 2310 gloriam
1037 2271 1062 2298 20

174 2334 298 2411 adeptus
318 2339 372 2394 est.
415 2334 447 2390 in
467 2335 561 2392 altero
582 2334 697 2390 miseris
717 2333 886 2410 perfugium
903 2338 975 2406 erat,
991 2333 1026 2391 in

174 2432 268 2489 altero
289 2431 373 2489 malis
394 2433 545 2507 pernicies.
589 2431 670 2489 illius
691 2430 826 2501 facilitas,
848 2430 937 2488 huius
957 2450 1025 2488 oon-

150 2527 285 2586 4stantia
306 2525 492 2586 laudabatur.
535 2534 683 2604 postremo
706 2525 815 2584 Caesar
837 2527 870 2584 in
892 2526 1025 2584 animum

174 2624 336 2681 induxerat
352 2622 494 2695 laborare,
510 2623 643 2700 vigilare,
658 2623 786 2699 negotiis
802 2623 963 2681 amicorum
981 2625 1027 2682 in·

222 2756 238 2804 2
270 2754 383 2803 multum
395 2757 506 2803 Eussner
545 2790 547 2795 -
1007 2814 1008 2818 Ἰ

224 2839 239 2886 8
271 2836 349 2886 siouti
359 2838 405 2887 Po
415 2836 496 2886 ueluti
506 2838 527 2886 0
538 2836 627 2903 (assu)
643 2835 647 2903 Ι
662 2836 737 2885 effata
749 2839 856 2898 parente
867 2852 880 2885 z
890 2836 966 2886 effeta
981 2852 1027 2899 pa·

173 2922 278 2969 rentum
289 2919 444 2970 Pil-effata
461 2918 555 2968 virtute
572 2920 792 2981 parentumAllsa
804 2919 935 2967 Klioaaoha
950 2918 1028 2969 effeta

174 3002 259 3049 aetate
277 3001 413 3063 parentum
434 3000 538 3049 Dietsolr
565 2999 647 3064 (1859)
663 2997 729 3047 siout
745 2998 772 3046 vi
792 2998 867 3047 effeta
884 3001 1027 3059 vparentum

178 3082 336 3131 Weidemsaa
357 3080 435 3131 siouti
451 3081 526 3131 effeta
550 3080 576 3130 vi
597 3083 736 3142 parentum
749 3082 848 3129 Ritsobl
866 3077 942 3128 siouti
959 3085 1027 3131 esset

175 3162 250 3210 effeta
268 3160 311 3228 (sa.
330 3176 371 3211 res
386 3159 500 3224 publiea)
514 3163 580 3212 Wira
590 3161 696 3225 effaetas
714 3163 836 3223 partuum
858 3159 901 3225 (so.
917 3160 1025 3224 Romae)

176 3244 357 3304 Bezzeabrrper
520 3291 523 3298 ‚

226 3323 241 3372 9
274 3321 371 3371 virtute
381 3337 427 3373 om.
438 3323 513 3371 Allan
523 3323 656 3371 Klimsohs

219 3406 252 3452 14
283 3416 390 3468 possem
404 3403 542 3466 Opossum
552 3403 597 3451 Po
