2198 3720
95 213 133 270 42
278 211 312 271 o.
341 208 548 270 sltnrsrr
572 209 716 270 0121er
850 207 885 290 [ο.
903 211 942 266 50

94 359 260 418 mobilitate
273 358 393 435 inpulsi,
408 376 467 436 quo
483 357 615 416 studium
630 378 717 416 suum
738 360 770 415 in
792 378 856 417 rem
869 362 942 436 pub-

94 457 181 516 lioem
203 458 311 516 clarius
332 469 418 528 esset,
441 457 605 533 egredienti
629 477 666 513 ex
694 468 799 514 senatu
824 458 943 515 caesari

94 554 192 633 gladio
205 556 424 616 minitarentur.

37 661 82 730 50
156 654 237 712 Dum
261 653 333 713 heeo
354 654 387 712 in
411 660 515 711 senatu
537 659 668 729 aguntur
692 658 723 710 et
745 652 816 711 dum
839 653 944 729 legatis

95 751 290 831 Allobrogum
322 757 355 810 et
380 752 413 811 Τ,
440 751 606 820 Volturcio,
636 752 816 827 conprobato
843 771 969 823 eorum,

96 848 213 922 indioio,
237 849 369 926 proemio
392 848 601 918 decernuntur,
624 846 727 933 liberti
746 853 778 904 et
798 848 886 924 pouoi
907 868 945 906 ex

96 946 253 1006 clientibus
267 946 390 1005 Lentuli
403 945 530 1004 divorsis
550 945 709 1003 itineribus
723 946 842 1022 opifices
856 951 946 1023 atquo

95 1042 218 1102 servitio
238 1043 271 1100 in
290 1043 364 1101 viois
382 1042 420 1099 od
438 1061 506 1100 eum
525 1029 716 1118 eripiundum
735 1042 944 1113 sollicitabant,

95 1141 204 1217 partim
219 1140 416 1216 exquirebant
430 1141 517 1198 duoes
531 1139 769 1212 multitudinum,
784 1140 836 1217 qui
850 1142 946 1217 pretio

71 1267 81 1293 ι
96 1255 157 1295 rem
172 1237 319 1314 publicem
334 1255 442 1294 vexere
455 1236 536 1295 soliti
550 1241 642 1293 erant
688 1235 836 1312 Cethegus
847 1242 945 1294 autem
959 1272 983 1297 ιο

96 1351 149 1409 per
166 1332 288 1391 nuntios
308 1332 453 1390 familiam
474 1340 565 1407 atque
583 1332 793 1391 libertos'suos
810 1332 902 1392 lectos
916 1339 947 1390 et

96 1431 272 1490 exercitatos
286 1431 388 1489 orabat
404 1427 448 1511 [in
462 1427 628 1510 audaciam]
640 1438 675 1488 ut
684 1450 772 1508 grege
786 1417 866 1488 fonto
879 1449 945 1488 oum

72 1528 164 1586 stolis
184 1527 222 1586 od
246 1546 308 1586 sese
328 1527 541 1604 inrumperent
586 1526 688 1584 oonsul
711 1527 762 1585 ubi
791 1546 825 1583 oo
849 1527 947 1604 parari

97 1625 245 1704 cognovit,
260 1624 410 1701 dispositis
424 1624 586 1702 praesidiis,
602 1630 639 1682 ut
659 1642 705 1681 res
725 1630 815 1701 atque
830 1630 947 1701 tempus
1041 1657 1042 1664 κ

97 1724 243 1797 monebat,
264 1729 424 1783 oonvooeto
446 1728 551 1780 senatu
572 1721 665 1780 refert
679 1720 752 1798 quid
766 1722 802 1778 de
819 1722 862 1780 eis
882 1723 946 1779 fieri
961 1753 983 1788 15

97 1823 219 1900 pleoeot,
244 1821 296 1896 qui
317 1821 350 1877 in
374 1818 539 1878 custodium
562 1818 667 1877 traditi
689 1825 781 1878 erent
826 1810 877 1876 sed
897 1838 947 1876 eos

97 1918 186 1996 poulo
200 1925 270 1977 onte
284 1920 423 1994 frequens
436 1923 558 1975 senatus
569 1917 755 1976 iudioeverat
767 1925 872 1977 eontra
884 1939 947 1977 rem

73 2019 247 2096 ,publioem
267 2018 380 2076 fecisse.
424 2024 488 2074 tum
504 2016 541 2077 D.
561 2016 670 2075 Iunius
691 2015 812 2076 Silanus
835 2018 948 2094 primus

98 2115 275 2174 sententium
298 2121 427 2191 rogatus,
453 2114 532 2190 quod
555 2133 590 2172 eo
614 2121 747 2191 tempore
771 2116 873 2174 oonsul
901 2115 948 2173 de-

98 2214 233 2291 signatus
253 2219 326 2284 erat,
341 2211 377 2269 de
391 2213 435 2270 eis
449 2213 500 2288 qui
519 2213 551 2269 in
568 2212 710 2270 custodiis
723 2214 905 2272 tenebuntur
917 2221 948 2271 et
961 2240 986 2264 20

99 2309 310 2387 praeterendo
332 2308 363 2366 L
389 2307 491 2366 (lessio
510 2308 542 2365 P.
565 2307 656 2367 Furio
675 2307 707 2367 P.
734 2308 890 2367 Umbreno
912 2309 947 2378 Q.

101 2406 212 2479 Annio,
223 2405 250 2463 si
263 2404 437 2481 deprehensi
451 2404 559 2472 forent,
575 2404 754 2481 supplitium
768 2406 947 2463 sumundum

100 2505 279 2561 decreverat*
289 2503 373 2577 isque
394 2507 496 2577 posteo
516 2506 669 2577 permotus
682 2502 817 2560 oratione
831 2502 863 2561 O.
879 2504 949 2561 (lee-

99 2602 174 2660 suris
188 2599 312 2677 pedibus
325 2600 357 2656 in
376 2594 557 2658 sententium
574 2598 617 2657 Ti
640 2598 770 2657 Neronis
790 2600 904 2658 iturum
918 2620 949 2659 se

100 2697 224 2769 dinem,
236 2695 314 2773 quod
326 2695 362 2753 de
376 2715 411 2752 ea
419 2715 452 2752 re
465 2694 621 2772 praesidiis
634 2693 745 2753 additis
757 2695 948 2755 referundum
961 2731 987 2768 25

151 2905 181 2952 12
214 2898 949 2952 ombetinsudnoiemPGinsudsoiemorebstsinoudn

100 2985 168 3035 olom
178 3000 248 3035 oses
260 2981 451 3046 (orel-orobet
462 2980 490 3030 in
499 2981 624 3031 auxilium
637 2983 673 3033 W.
687 2983 796 3043 Wooner
804 2983 911 3032 vooebet
922 2983 950 3031 in

101 3065 240 3117 sudmism
251 3065 400 3115 Schindler

150 3149 183 3197 20
215 3151 242 3196 et
252 3163 299 3196 om.
314 3146 380 3197 Wirs
393 3148 441 3212 (op.
452 3149 492 3198 25.
506 3149 534 3210 2)

149 3229 181 3277 26
214 3225 283 3290 quod
293 3225 325 3275 de
336 3227 381 3275 Po
392 3225 437 3287 qui
451 3225 483 3276 de
495 3227 553 3276 1⁸¹0
563 3226 642 3288 (Wt'rz
651 3229 764 3291 Diones)
780 3242 825 3275 one
842 3229 890 3276 MS
905 3230 951 3276 lius

102 3305 182 3375 quid}
196 3306 292 3358 obditis
323 3305 380 3356 PP¹
401 3309 470 3368 (ouer
491 3305 693 3368 remotisl-ucc.
721 3316 746 3355 ω
768 3308 873 3356 Dicrscls
900 3312 952 3357 and

104 3383 179 3447 ll'lrz,
196 3387 249 3437 oud
269 3385 364 3436 addus
385 3401 492 3450 npporrs
511 3388 571 3450 only
591 3389 620 3434 in
638 3403 683 3435 oue
702 3388 731 3448 Ο,
752 3389 831 3437 utere
850 3403 904 3439 uer.
927 3397 952 3439 to
