2198 3720
159 317 198 376 w
366 315 400 376 u.
431 311 636 377 senneser
664 312 842 376 0121anx
921 309 956 395 [ς.
975 315 1013 373 23

125 522 127 526 ,
158 464 224 523 fieri
238 464 401 538 consuevit,
421 465 571 542 aperuisse
588 467 744 524 consilium
764 468 958 543 suum†atque
979 486 1013 523 eo

160 562 299 622 dictitare
313 563 433 638 iecisse,
457 583 516 642 quo
543 564 624 623 inter
651 585 682 624 se
709 564 762 622 fidi
787 564 880 641 magis
904 562 1012 635 forent,

136 659 235 720 salius
249 661 302 718 alii
315 661 395 718 tenti
408 660 549 719 facinoris
563 661 680 720 conscii.
724 681 785 720 non
805 662 882 720 nulli
899 661 969 719 ficta
983 665 1015 718 et

159 758 232 816 haec
253 765 285 817 ct
306 760 402 818 multa
418 766 572 837 praeterea
591 761 814 819 existumabant
834 761 872 818 ab
893 760 944 831 eis,
962 758 1031 836 qui¹

160 855 311 916 Ciceronis
337 857 492 928 invidiam,
516 876 591 934 quae
618 863 721 934 postea
748 863 814 916 orta
841 864 896 929 est,
927 854 1040 916 leniris

161 952 322 1012 credebant
348 953 505 1012 atrocitate
533 953 651 1012 sceleris
684 973 795 1025 eorum,
823 954 876 1031 qui
905 973 1014 1031 poenas

163 1050 313 1110 dederant.
356 1052 443 1110 nobis
464 1072 499 1110 ea
522 1071 569 1110 res
596 1071 650 1128 pro
677 1051 883 1129 magnitudine
910 1071 1014 1127 parurn

163 1154 315 1226 comperta
328 1157 380 1207 est.

100 1241 146 1312 23
225 1245 283 1304 Sed
303 1247 336 1302 in
360 1265 396 1303 ea
417 1244 620 1303 coniuratione
639 1244 701 1303 fuit
724 1245 759 1316 Q.
783 1245 901 1316 Ourios,
926 1251 1015 1303 natus

161 1342 242 1402 haud
265 1344 389 1402 obscuro
410 1344 482 1415 loco,
508 1343 630 1421 flagitiis
652 1350 743 1420 atque
766 1344 948 1402 facinoribus
970 1364 1052 1401 co-10

161 1446 289 1518 opertus,
305 1460 393 1518 quem
407 1461 541 1500 censores
555 1447 662 1499 senatu
683 1442 784 1519 probri
804 1443 901 1519 gratia
918 1461 1014 1499 move·
1060 1475 1068 1490 ·

138 1544 236 1596 arant
280 1538 350 1596 huic
363 1537 478 1595 homini
491 1558 552 1597 non
566 1538 664 1613 rninor
677 1539 796 1596 vanitas
810 1539 908 1596 inerat
924 1557 1013 1615 quam

162 1634 305 1693 audacia:
325 1653 421 1711 neque
439 1634 569 1708 reticere,
587 1654 661 1711 quae
682 1635 827 1706 audierat,
842 1654 937 1712 neque
951 1655 1015 1692 sua-

91 1777 93 1781 .
162 1737 225 1792 met
246 1733 308 1810 ipse
332 1733 443 1791 scelera
471 1733 626 1804 occultare,
652 1753 773 1810 prorsus
800 1754 895 1810 neque
917 1735 1014 1792 dicere

138 1845 257 1907 cneque
271 1829 368 1887 facere
383 1829 540 1906 quicquam
555 1830 640 1905 pensi
653 1830 789 1888 habebat.
826 1837 891 1888 erat
904 1831 932 1888 ei
946 1851 1012 1887 cum
1030 1858 1036 1882 ι

162 1926 271 1984 Fulvia
292 1927 416 1983 muliere
438 1925 532 1983 nobili
549 1932 635 1983 vetus
656 1927 838 1984 consuetudo
847 1948 856 2000 ;
878 1928 925 1984 cui
947 1948 1012 1984 cum

162 2023 261 2080 minus
274 2028 378 2099 gratus
391 2026 477 2092 esset,
497 2017 568 2096 quia
581 2022 682 2098 inopia
696 2023 796 2081 minus
810 2024 913 2099 largiri
934 2031 1014 2101 pote·

76 2129 77 2133 ’
162 2125 219 2192 rat,
247 2126 369 2197 repente
395 2119 524 2196 glorians
546 2121 650 2178 maria
680 2122 850 2198 montisque
882 2123 1014 2199 polliceri

163 2218 260 2294 coepit
281 2225 312 2275 et
333 2218 441 2275 minari
463 2218 613 2295 interdum
639 2220 733 2296 ferro,⁴
753 2221 786 2277 ni
808 2221 865 2278 sibi
886 2222 1015 2279 obnoxia

213 2434 227 2482 1
261 2437 339 2496 atque
364 2448 395 2482 eo
424 2431 543 2483 dictitare
566 2431 644 2500 (dicto
666 2446 683 2480 a
699 2432 752 2493 few
778 2429 820 2496 σε)
844 2430 936 2481 fecisse
958 2431 1012 2482 PC.

165 2518 234 2565 Some
246 2516 275 2578 of
285 2515 305 2563 0
316 2515 426 2564 however
437 2516 498 2564 omit
510 2515 551 2563 the
562 2514 641 2564 worda
655 2527 684 2560 cr
698 2513 760 2561 hove
775 2514 839 2561 them
850 2514 1015 2573 crescenicam

164 2599 235 2646 other
249 2596 319 2645 Mss
336 2596 398 2644 bave
415 2604 467 2644 acc.
483 2602 506 2643 to
523 2594 630 2643 Dieteeb
646 2591 743 2641 dictam
761 2607 825 2650 rem,
846 2591 915 2642 dicta
932 2609 967 2655 re,
987 2610 1016 2643 or

164 2678 247 2728 dictas
262 2691 392 2728 rea-om.
406 2692 435 2727 or
449 2679 521 2727 write
535 2675 612 2737 idque
634 2689 663 2724 eo
677 2672 768 2723 fecisse
781 2675 882 2723 Rtwchl
897 2674 1015 2724 dictitare

164 2777 209 2811 oca
222 2761 318 2823 Selliwy
329 2758 407 2821 idque
421 2774 452 2809 eo
463 2758 558 2808 dicitur
571 2757 664 2808 fecisse
680 2757 765 2818 Beryk
785 2759 862 2818 atque
878 2771 908 2806 eo
919 2757 1016 2806 dixisse

163 2859 222 2893 eam
243 2857 298 2893 rem
320 2842 410 2892 fecisse
431 2844 538 2904 Madviq
560 2845 639 2904 atque
660 2855 690 2890 eo
713 2839 835 2888 dictitant
852 2853 907 2888 rem
925 2838 1016 2888 fecisse

167 2923 325 2986 W.,Wa9wer
342 2937 430 2981 suum;
454 2924 533 2984 atque
551 2937 582 2972 eo
600 2921 755 2971 dictitarent¹
774 2935 833 2969 eam
852 2935 907 2968 rem
926 2921 1016 2970 fecisse

163 3007 271 3055 Krdmer
285 3007 363 3065 atque
377 3019 407 3053 eo
423 3003 518 3054 dixisse
531 3004 569 3054 ita
585 3020 612 3053 se
630 3002 720 3053 fecisse
739 3004 769 3052 F.
785 3003 850 3052 Uber
867 3001 1016 3052 dictitavere

165 3088 314 3137 Scheiadler

214 3168 246 3216 10
278 3169 345 3216 Most
363 3168 455 3217 editore
472 3169 542 3217 write
561 3170 687 3230 copertus.
721 3166 744 3215 P
762 3167 807 3214 hae
827 3169 950 3228 cosontus
971 3169 1016 3227 (art

163 3242 275 3310 hbeiws
297 3248 392 3312 weced)
415 3249 461 3298 te.
487 3251 632 3310 coopertus,
655 3247 707 3296 aad
728 3261 755 3295 so
779 3246 924 3295 ONowiwa.
960 3248 1016 3295 Gel-

165 3330 216 3378 lius
231 3336 317 3392 quotes
330 3331 400 3379 twice
417 3345 446 3378 cs
459 3332 555 3392 cominu
567 3331 636 3393 from
651 3329 748 3380 Sallust
764 3328 913 3376 foenoribus
930 3342 1015 3389 coper-

163 3413 208 3459 tus

178 3556 181 3560 Ι
210 3496 246 3546 19
276 3501 304 3564 et
313 3512 358 3546 om.
372 3513 388 3546 e
400 3500 408 3561 s
414 3498 530 3561 ‘perhaps
541 3496 658 3561 riybtly',
671 3509 728 3558 caus
740 3491 846 3556 Jordan)
