<?xml version="1.0" encoding="UTF-8"?>
<!DOCTYPE html PUBLIC "-//W3C//DTD XHTML 1.0 Transitional//EN"
    "http://www.w3.org/TR/xhtml1/DTD/xhtml1-transitional.dtd">
<html xmlns="http://www.w3.org/1999/xhtml" xml:lang="en" lang="en">
 <head>
  <title>
</title>
<meta http-equiv="Content-Type" content="text/html;charset=utf-8" />
  <meta name='ocr-system' content='tesseract 3.04.00' />
  <meta name='ocr-capabilities' content='ocr_page ocr_carea ocr_par ocr_line ocrx_word'/>
</head>
<body>
  <div class='ocr_page' id='page_1' title='image "./csallusticrispi02sallgoog_0071.png"; bbox 0 0 2198 3720; ppageno 0'>
   <div class='ocr_carea' id='block_1_1' title="bbox 145 202 988 293">
    <p class='ocr_par' dir='ltr' id='par_1_1' title="bbox 145 202 988 293">
     <span class='ocr_line' id='line_1_1' title="bbox 145 202 988 293; baseline 0.011 -31"><span class='ocrx_word' id='word_1_1' title='bbox 145 202 181 262; x_wconf 76' lang='lat'>14</span> <span class='ocrx_word' id='word_1_2' title='bbox 349 206 379 266; x_wconf 85' lang='lat' dir='ltr'>c.</span> <span class='ocrx_word' id='word_1_3' title='bbox 411 207 616 268; x_wconf 68' lang='lat' dir='ltr'>sariram</span> <span class='ocrx_word' id='word_1_4' title='bbox 642 208 790 269; x_wconf 72' lang='lat' dir='ltr'><em>ORJSPJ</em></span> <span class='ocrx_word' id='word_1_5' title='bbox 898 210 933 293; x_wconf 70' lang='grc' dir='ltr'>[ο.</span> <span class='ocrx_word' id='word_1_6' title='bbox 953 213 988 272; x_wconf 82' lang='lat'>17</span> 
     </span>
    </p>
   </div>
   <div class='ocr_carea' id='block_1_2' title="bbox 85 351 1031 3158">
    <p class='ocr_par' dir='ltr' id='par_1_2' title="bbox 85 351 1031 3158">
     <span class='ocr_line' id='line_1_2' title="bbox 141 351 992 436; baseline 0.011 -28"><span class='ocrx_word' id='word_1_7' title='bbox 141 351 227 429; x_wconf 88' lang='lat' dir='ltr'>cepit.</span> <span class='ocrx_word' id='word_1_8' title='bbox 270 352 303 411; x_wconf 88' lang='lat' dir='ltr'>in</span> <span class='ocrx_word' id='word_1_9' title='bbox 330 354 421 412; x_wconf 88' lang='lat' dir='ltr'>Italia</span> <span class='ocrx_word' id='word_1_10' title='bbox 448 355 549 414; x_wconf 87' lang='lat' dir='ltr'>nullus</span> <span class='ocrx_word' id='word_1_11' title='bbox 575 358 733 431; x_wconf 85' lang='lat' dir='ltr'>exercitus,</span> <span class='ocrx_word' id='word_1_12' title='bbox 756 358 809 416; x_wconf 87' lang='lat' dir='ltr'>Cu.</span> <span class='ocrx_word' id='word_1_13' title='bbox 831 359 992 436; x_wconf 88' lang='lat' dir='ltr'>Pompeius</span> 
     </span>
     <span class='ocr_line' id='line_1_3' title="bbox 141 447 991 532; baseline 0.013 -27"><span class='ocrx_word' id='word_1_14' title='bbox 141 447 174 505; x_wconf 94' lang='lat' dir='ltr'>in</span> <span class='ocrx_word' id='word_1_15' title='bbox 184 450 327 508; x_wconf 72' lang='lat' dir='ltr'><strong>extremis</strong></span> <span class='ocrx_word' id='word_1_16' title='bbox 340 453 428 510; x_wconf 86' lang='lat' dir='ltr'>terris</span> <span class='ocrx_word' id='word_1_17' title='bbox 442 453 552 510; x_wconf 90' lang='lat' dir='ltr'>bellum</span> <span class='ocrx_word' id='word_1_18' title='bbox 566 455 707 530; x_wconf 84' lang='lat' dir='ltr'>gerebat;</span> <span class='ocrx_word' id='word_1_19' title='bbox 729 455 787 532; x_wconf 88' lang='lat' dir='ltr'>ipsi</span> <span class='ocrx_word' id='word_1_20' title='bbox 804 458 991 515; x_wconf 87' lang='lat' dir='ltr'>consulatum</span> 
     </span>
     <span class='ocr_line' id='line_1_4' title="bbox 141 547 991 625; baseline 0.011 -22"><span class='ocrx_word' id='word_1_21' title='bbox 141 547 257 621; x_wconf 90' lang='lat' dir='ltr'>petenti</span> <span class='ocrx_word' id='word_1_22' title='bbox 282 567 388 624; x_wconf 87' lang='lat' dir='ltr'>magna</span> <span class='ocrx_word' id='word_1_23' title='bbox 410 567 483 625; x_wconf 82' lang='lat' dir='ltr'>epea,</span> <span class='ocrx_word' id='word_1_24' title='bbox 507 556 629 608; x_wconf 86' lang='lat' dir='ltr'>senatus</span> <span class='ocrx_word' id='word_1_25' title='bbox 651 551 727 608; x_wconf 90' lang='lat' dir='ltr'>nihil</span> <span class='ocrx_word' id='word_1_26' title='bbox 750 571 820 610; x_wconf 91' lang='lat' dir='ltr'>sane</span> <span class='ocrx_word' id='word_1_27' title='bbox 839 553 991 612; x_wconf 87' lang='lat' dir='ltr'>intentus:</span> 
     </span>
     <span class='ocr_line' id='line_1_5' title="bbox 141 644 992 727; baseline 0.012 -28"><span class='ocrx_word' id='word_1_28' title='bbox 141 648 225 700; x_wconf 87' lang='lat' dir='ltr'>tutae</span> <span class='ocrx_word' id='word_1_29' title='bbox 243 644 482 721; x_wconf 76' lang='lat' dir='ltr'>tranquillaeque</span> <span class='ocrx_word' id='word_1_30' title='bbox 500 664 547 703; x_wconf 89' lang='lat' dir='ltr'>res</span> <span class='ocrx_word' id='word_1_31' title='bbox 566 665 676 720; x_wconf 90' lang='lat' dir='ltr'>omnes,</span> <span class='ocrx_word' id='word_1_32' title='bbox 691 647 743 704; x_wconf 88' lang='lat' dir='ltr'>sed</span> <span class='ocrx_word' id='word_1_33' title='bbox 757 668 792 707; x_wconf 92' lang='lat' dir='ltr'>ea</span> <span class='ocrx_word' id='word_1_34' title='bbox 805 668 924 726; x_wconf 89' lang='lat' dir='ltr'>prorsus</span> <span class='ocrx_word' id='word_1_35' title='bbox 944 671 992 727; x_wconf 91' lang='lat' dir='ltr'>op-</span> 
     </span>
     <span class='ocr_line' id='line_1_6' title="bbox 141 740 1017 816; baseline 0.005 -18"><span class='ocrx_word' id='word_1_36' title='bbox 141 747 271 816; x_wconf 88' lang='lat' dir='ltr'>portuna</span> <span class='ocrx_word' id='word_1_37' title='bbox 285 740 439 800; x_wconf 74' lang='lat' dir='ltr'>Catilinae.</span> <span class='ocrx_word' id='word_1_38' title='bbox 1005 769 1017 807; x_wconf 78' lang='lat'>5</span> 
     </span>
     <span class='ocr_line' id='line_1_7' title="bbox 87 838 992 914; baseline 0.009 -18"><span class='ocrx_word' id='word_1_39' title='bbox 87 838 127 908; x_wconf 81' lang='lat'>17</span> <span class='ocrx_word' id='word_1_40' title='bbox 202 838 303 914; x_wconf 79' lang='lat' dir='ltr'>Igitur</span> <span class='ocrx_word' id='word_1_41' title='bbox 326 840 444 898; x_wconf 75' lang='lat' dir='ltr'>circiter</span> <span class='ocrx_word' id='word_1_42' title='bbox 466 841 610 900; x_wconf 85' lang='lat' dir='ltr'>kalendas</span> <span class='ocrx_word' id='word_1_43' title='bbox 632 843 738 902; x_wconf 88' lang='lat' dir='ltr'>Iunias</span> <span class='ocrx_word' id='word_1_44' title='bbox 761 845 794 903; x_wconf 88' lang='lat' dir='ltr'>L.</span> <span class='ocrx_word' id='word_1_45' title='bbox 820 845 944 904; x_wconf 87' lang='lat' dir='ltr'>Caesare</span> <span class='ocrx_word' id='word_1_46' title='bbox 962 852 992 904; x_wconf 88' lang='lat' dir='ltr'>et</span> 
     </span>
     <span class='ocr_line' id='line_1_8' title="bbox 143 935 991 1020; baseline 0.009 -27"><span class='ocrx_word' id='word_1_47' title='bbox 143 935 174 996; x_wconf 93' lang='lat' dir='ltr'>C.</span> <span class='ocrx_word' id='word_1_48' title='bbox 191 937 298 1014; x_wconf 80' lang='lat' dir='ltr'>Figulo</span> <span class='ocrx_word' id='word_1_49' title='bbox 311 939 482 997; x_wconf 85' lang='lat' dir='ltr'>consulibus</span> <span class='ocrx_word' id='word_1_50' title='bbox 496 941 592 1018; x_wconf 87' lang='lat' dir='ltr'>primo</span> <span class='ocrx_word' id='word_1_51' title='bbox 606 942 738 1019; x_wconf 88' lang='lat' dir='ltr'>singulos</span> <span class='ocrx_word' id='word_1_52' title='bbox 752 944 909 1020; x_wconf 88' lang='lat' dir='ltr'>appellare,</span> <span class='ocrx_word' id='word_1_53' title='bbox 925 945 991 1001; x_wconf 92' lang='lat' dir='ltr'>hor-</span> 
     </span>
     <span class='ocr_line' id='line_1_9' title="bbox 142 1005 992 1138; baseline 0.008 -48"><span class='ocrx_word' id='word_1_54' title='bbox 142 1033 202 1091; x_wconf 90' lang='lat' dir='ltr'>tari</span> <span class='ocrx_word' id='word_1_55' title='bbox 215 1005 376 1138; x_wconf 56' lang='lat' dir='ltr'>aliosplios</span> <span class='ocrx_word' id='word_1_56' title='bbox 389 1041 557 1112; x_wconf 86' lang='lat' dir='ltr'>temptare;</span> <span class='ocrx_word' id='word_1_57' title='bbox 574 1058 644 1115; x_wconf 89' lang='lat' dir='ltr'>opes</span> <span class='ocrx_word' id='word_1_58' title='bbox 658 1058 734 1109; x_wconf 89' lang='lat' dir='ltr'>suas,</span> <span class='ocrx_word' id='word_1_59' title='bbox 749 1040 916 1116; x_wconf 71' lang='lat' dir='ltr'>inparatam</span> <span class='ocrx_word' id='word_1_60' title='bbox 930 1061 992 1099; x_wconf 90' lang='lat' dir='ltr'>rem</span> 
     </span>
     <span class='ocr_line' id='line_1_10' title="bbox 141 1133 990 1213; baseline 0.011 -25"><span class='ocrx_word' id='word_1_61' title='bbox 141 1133 299 1208; x_wconf 86' lang='lat' dir='ltr'>publicam,</span> <span class='ocrx_word' id='word_1_62' title='bbox 328 1154 437 1211; x_wconf 88' lang='lat' dir='ltr'>magna</span> <span class='ocrx_word' id='word_1_63' title='bbox 466 1137 598 1213; x_wconf 89' lang='lat' dir='ltr'>praemia</span> <span class='ocrx_word' id='word_1_64' title='bbox 631 1138 844 1196; x_wconf 88' lang='lat' dir='ltr'>coniurationis</span> <span class='ocrx_word' id='word_1_65' title='bbox 878 1139 990 1197; x_wconf 89' lang='lat' dir='ltr'>docere.</span> 
     </span>
     <span class='ocr_line' id='line_1_11' title="bbox 117 1229 1031 1310; baseline 0.011 -28"><span class='ocrx_word' id='word_1_66' title='bbox 117 1229 194 1286; x_wconf 69' lang='lat' dir='ltr'>aubi</span> <span class='ocrx_word' id='word_1_67' title='bbox 215 1230 289 1288; x_wconf 89' lang='lat' dir='ltr'>satis</span> <span class='ocrx_word' id='word_1_68' title='bbox 307 1231 462 1308; x_wconf 88' lang='lat' dir='ltr'>explorata</span> <span class='ocrx_word' id='word_1_69' title='bbox 480 1240 552 1290; x_wconf 88' lang='lat' dir='ltr'>sunt</span> <span class='ocrx_word' id='word_1_70' title='bbox 569 1253 645 1310; x_wconf 90' lang='lat' dir='ltr'>quae</span> <span class='ocrx_word' id='word_1_71' title='bbox 659 1235 764 1308; x_wconf 89' lang='lat' dir='ltr'>voluit,</span> <span class='ocrx_word' id='word_1_72' title='bbox 779 1236 812 1292; x_wconf 92' lang='lat' dir='ltr'>in</span> <span class='ocrx_word' id='word_1_73' title='bbox 827 1256 919 1293; x_wconf 92' lang='lat' dir='ltr'>unum</span> <span class='ocrx_word' id='word_1_74' title='bbox 934 1256 993 1294; x_wconf 90' lang='lat' dir='ltr'>om·</span> <span class='ocrx_word' id='word_1_75' title='bbox 1007 1266 1031 1292; x_wconf 89' lang='lat'>10</span> 
     </span>
     <span class='ocr_line' id='line_1_12' title="bbox 140 1326 992 1411; baseline 0.009 -28"><span class='ocrx_word' id='word_1_76' title='bbox 140 1326 188 1384; x_wconf 85' lang='lat' dir='ltr'>uis</span> <span class='ocrx_word' id='word_1_77' title='bbox 202 1334 346 1385; x_wconf 89' lang='lat' dir='ltr'>convocat</span> <span class='ocrx_word' id='word_1_78' title='bbox 360 1329 468 1405; x_wconf 91' lang='lat' dir='ltr'>quibus</span> <span class='ocrx_word' id='word_1_79' title='bbox 482 1349 622 1388; x_wconf 82' lang='lat' dir='ltr'>maxuma</span> <span class='ocrx_word' id='word_1_80' title='bbox 635 1331 823 1389; x_wconf 83' lang='lat' dir='ltr'>necessitudo</span> <span class='ocrx_word' id='word_1_81' title='bbox 841 1345 872 1390; x_wconf 89' lang='lat' dir='ltr'>et</span> <span class='ocrx_word' id='word_1_82' title='bbox 892 1334 992 1411; x_wconf 91' lang='lat' dir='ltr'>pluru-</span> 
     </span>
     <span class='ocr_line' id='line_1_13' title="bbox 117 1423 992 1487; baseline 0.005 -5"><span class='ocrx_word' id='word_1_83' title='bbox 117 1444 128 1482; x_wconf 81' lang='lat'>³</span> <span class='ocrx_word' id='word_1_84' title='bbox 141 1442 223 1480; x_wconf 89' lang='lat' dir='ltr'>mum</span> <span class='ocrx_word' id='word_1_85' title='bbox 234 1423 374 1482; x_wconf 86' lang='lat' dir='ltr'>audaciae</span> <span class='ocrx_word' id='word_1_86' title='bbox 383 1426 486 1483; x_wconf 87' lang='lat' dir='ltr'>inerat</span> <span class='ocrx_word' id='word_1_87' title='bbox 510 1445 545 1484; x_wconf 93' lang='lat' dir='ltr'>eo</span> <span class='ocrx_word' id='word_1_88' title='bbox 554 1444 717 1485; x_wconf 86' lang='lat' dir='ltr'>convenere</span> <span class='ocrx_word' id='word_1_89' title='bbox 728 1430 869 1486; x_wconf 88' lang='lat' dir='ltr'>senatorii</span> <span class='ocrx_word' id='word_1_90' title='bbox 880 1430 992 1487; x_wconf 87' lang='lat' dir='ltr'>ordinis</span> 
     </span>
     <span class='ocr_line' id='line_1_14' title="bbox 141 1519 993 1603; baseline 0.006 -25"><span class='ocrx_word' id='word_1_91' title='bbox 141 1519 175 1579; x_wconf 92' lang='lat' dir='ltr'>P.</span> <span class='ocrx_word' id='word_1_92' title='bbox 194 1520 339 1579; x_wconf 81' lang='lat' dir='ltr'>Lentulus</span> <span class='ocrx_word' id='word_1_93' title='bbox 353 1521 437 1592; x_wconf 82' lang='lat' dir='ltr'>Sura,</span> <span class='ocrx_word' id='word_1_94' title='bbox 453 1522 488 1582; x_wconf 90' lang='lat' dir='ltr'>P.</span> <span class='ocrx_word' id='word_1_95' title='bbox 504 1523 682 1597; x_wconf 87' lang='lat' dir='ltr'>Autronius,</span> <span class='ocrx_word' id='word_1_96' title='bbox 702 1523 735 1584; x_wconf 92' lang='lat' dir='ltr'>L.</span> <span class='ocrx_word' id='word_1_97' title='bbox 752 1524 872 1583; x_wconf 77' lang='lat' dir='ltr'>Cassius</span> <span class='ocrx_word' id='word_1_98' title='bbox 886 1527 993 1603; x_wconf 87' lang='lat' dir='ltr'>Longi-</span> 
     </span>
     <span class='ocr_line' id='line_1_15' title="bbox 141 1616 989 1695; baseline 0.006 -20"><span class='ocrx_word' id='word_1_99' title='bbox 141 1637 207 1690; x_wconf 88' lang='lat' dir='ltr'>nus,</span> <span class='ocrx_word' id='word_1_100' title='bbox 231 1616 262 1677; x_wconf 89' lang='lat' dir='ltr'>C.</span> <span class='ocrx_word' id='word_1_101' title='bbox 290 1617 446 1693; x_wconf 77' lang='lat' dir='ltr'>Cethegus,</span> <span class='ocrx_word' id='word_1_102' title='bbox 469 1618 502 1677; x_wconf 93' lang='lat' dir='ltr'>P.</span> <span class='ocrx_word' id='word_1_103' title='bbox 525 1625 556 1676; x_wconf 91' lang='lat' dir='ltr'>et</span> <span class='ocrx_word' id='word_1_104' title='bbox 580 1619 640 1678; x_wconf 82' lang='lat' dir='ltr'>Ser.</span> <span class='ocrx_word' id='word_1_105' title='bbox 665 1620 765 1678; x_wconf 79' lang='lat' dir='ltr'>Sullae</span> <span class='ocrx_word' id='word_1_106' title='bbox 787 1622 848 1681; x_wconf 78' lang='lat' dir='ltr'>Ser.</span> <span class='ocrx_word' id='word_1_107' title='bbox 869 1623 933 1695; x_wconf 89' lang='lat' dir='ltr'>filii,</span> <span class='ocrx_word' id='word_1_108' title='bbox 956 1623 989 1681; x_wconf 93' lang='lat' dir='ltr'>L.</span> 
     </span>
     <span class='ocr_line' id='line_1_16' title="bbox 141 1716 1015 1794; baseline 0.007 -23"><span class='ocrx_word' id='word_1_109' title='bbox 141 1716 355 1792; x_wconf 89' lang='lat' dir='ltr'>Vargunteius,</span> <span class='ocrx_word' id='word_1_110' title='bbox 383 1717 417 1786; x_wconf 82' lang='lat' dir='ltr'>Q.</span> <span class='ocrx_word' id='word_1_111' title='bbox 443 1718 574 1789; x_wconf 88' lang='lat' dir='ltr'>Annius,</span> <span class='ocrx_word' id='word_1_112' title='bbox 600 1718 643 1775; x_wconf 90' lang='lat' dir='ltr'>M.</span> <span class='ocrx_word' id='word_1_113' title='bbox 671 1718 795 1775; x_wconf 90' lang='lat' dir='ltr'>Porcius</span> <span class='ocrx_word' id='word_1_114' title='bbox 823 1720 925 1794; x_wconf 88' lang='lat' dir='ltr'>Laeca,</span> <span class='ocrx_word' id='word_1_115' title='bbox 956 1721 1015 1779; x_wconf 49' lang='grc' dir='ltr'>ΙΝ</span> 
     </span>
     <span class='ocr_line' id='line_1_17' title="bbox 116 1814 991 1897; baseline 0.003 -26"><span class='ocrx_word' id='word_1_116' title='bbox 116 1815 250 1888; x_wconf 84' lang='lat' dir='ltr'>4Bestia,</span> <span class='ocrx_word' id='word_1_117' title='bbox 281 1814 315 1884; x_wconf 80' lang='lat' dir='ltr'>Q.</span> <span class='ocrx_word' id='word_1_118' title='bbox 342 1814 468 1885; x_wconf 88' lang='lat' dir='ltr'>Curius;</span> <span class='ocrx_word' id='word_1_119' title='bbox 489 1821 641 1891; x_wconf 90' lang='lat' dir='ltr'>praeterea</span> <span class='ocrx_word' id='word_1_120' title='bbox 668 1834 707 1871; x_wconf 84' lang='lat' dir='ltr'>ex</span> <span class='ocrx_word' id='word_1_121' title='bbox 734 1815 870 1897; x_wconf 26' lang='lat' dir='ltr'>equestri,</span> <span class='ocrx_word' id='word_1_122' title='bbox 888 1817 991 1874; x_wconf 88' lang='lat' dir='ltr'>ordine</span> 
     </span>
     <span class='ocr_line' id='line_1_18' title="bbox 141 1908 992 1982; baseline 0.002 -13"><span class='ocrx_word' id='word_1_123' title='bbox 141 1910 185 1970; x_wconf 89' lang='lat' dir='ltr'>M.</span> <span class='ocrx_word' id='word_1_124' title='bbox 215 1911 340 1969; x_wconf 87' lang='lat' dir='ltr'>Fulvius</span> <span class='ocrx_word' id='word_1_125' title='bbox 368 1908 513 1981; x_wconf 88' lang='lat' dir='ltr'>Nobilior,</span> <span class='ocrx_word' id='word_1_126' title='bbox 543 1910 576 1968; x_wconf 77' lang='lat'>1.</span> <span class='ocrx_word' id='word_1_127' title='bbox 607 1910 753 1982; x_wconf 86' lang='lat' dir='ltr'>Statilius,</span> <span class='ocrx_word' id='word_1_128' title='bbox 782 1911 815 1971; x_wconf 89' lang='lat' dir='ltr'>P.</span> <span class='ocrx_word' id='word_1_129' title='bbox 845 1911 992 1972; x_wconf 85' lang='lat' dir='ltr'>Gabinius</span> 
     </span>
     <span class='ocr_line' id='line_1_19' title="bbox 142 2008 993 2086; baseline 0.002 -18"><span class='ocrx_word' id='word_1_130' title='bbox 142 2008 257 2086; x_wconf 86' lang='lat' dir='ltr'>Capito,</span> <span class='ocrx_word' id='word_1_131' title='bbox 271 2008 303 2068; x_wconf 90' lang='lat' dir='ltr'>C.</span> <span class='ocrx_word' id='word_1_132' title='bbox 321 2008 496 2083; x_wconf 81' lang='lat' dir='ltr'>Cornelius3</span> <span class='ocrx_word' id='word_1_133' title='bbox 518 2009 557 2067; x_wconf 89' lang='lat' dir='ltr'>ad</span> <span class='ocrx_word' id='word_1_134' title='bbox 575 2011 630 2068; x_wconf 89' lang='lat' dir='ltr'>boc</span> <span class='ocrx_word' id='word_1_135' title='bbox 651 2009 741 2067; x_wconf 91' lang='lat' dir='ltr'>multi</span> <span class='ocrx_word' id='word_1_136' title='bbox 756 2029 795 2068; x_wconf 87' lang='lat' dir='ltr'>cx</span> <span class='ocrx_word' id='word_1_137' title='bbox 817 2010 939 2068; x_wconf 91' lang='lat' dir='ltr'>coloniis</span> <span class='ocrx_word' id='word_1_138' title='bbox 962 2020 993 2070; x_wconf 90' lang='lat' dir='ltr'>et</span> 
     </span>
     <span class='ocr_line' id='line_1_20' title="bbox 117 2105 992 2185; baseline 0.002 -22"><span class='ocrx_word' id='word_1_139' title='bbox 117 2126 128 2163; x_wconf 84' lang='lat'>⁵</span> <span class='ocrx_word' id='word_1_140' title='bbox 141 2105 320 2183; x_wconf 89' lang='lat' dir='ltr'>municipiis,</span> <span class='ocrx_word' id='word_1_141' title='bbox 336 2105 417 2164; x_wconf 89' lang='lat' dir='ltr'>domi</span> <span class='ocrx_word' id='word_1_142' title='bbox 430 2106 551 2165; x_wconf 87' lang='lat' dir='ltr'>nobiles.</span> <span class='ocrx_word' id='word_1_143' title='bbox 575 2110 662 2164; x_wconf 89' lang='lat' dir='ltr'>erant</span> <span class='ocrx_word' id='word_1_144' title='bbox 671 2112 824 2183; x_wconf 89' lang='lat' dir='ltr'>praeterea</span> <span class='ocrx_word' id='word_1_145' title='bbox 837 2108 992 2185; x_wconf 88' lang='lat' dir='ltr'>conplures</span> 
     </span>
     <span class='ocr_line' id='line_1_21' title="bbox 141 2204 1030 2282; baseline 0.007 -20"><span class='ocrx_word' id='word_1_146' title='bbox 141 2204 230 2282; x_wconf 90' lang='lat' dir='ltr'>paulo</span> <span class='ocrx_word' id='word_1_147' title='bbox 251 2205 398 2262; x_wconf 90' lang='lat' dir='ltr'>occultius</span> <span class='ocrx_word' id='word_1_148' title='bbox 422 2205 526 2262; x_wconf 90' lang='lat' dir='ltr'>consili</span> <span class='ocrx_word' id='word_1_149' title='bbox 547 2205 670 2263; x_wconf 88' lang='lat' dir='ltr'>huiusce</span> <span class='ocrx_word' id='word_1_150' title='bbox 692 2205 852 2282; x_wconf 88' lang='lat' dir='ltr'>participes</span> <span class='ocrx_word' id='word_1_151' title='bbox 868 2206 991 2278; x_wconf 72' lang='lat' dir='ltr'>nobiles</span> <span class='ocrx_word' id='word_1_152' title='bbox 1006 2242 1030 2268; x_wconf 85' lang='lat'>20</span> 
     </span>
     <span class='ocr_line' id='line_1_22' title="bbox 141 2300 990 2379; baseline 0.004 -21"><span class='ocrx_word' id='word_1_153' title='bbox 141 2319 215 2378; x_wconf 85' lang='lat' dir='ltr'>quoa</span> <span class='ocrx_word' id='word_1_154' title='bbox 233 2300 327 2376; x_wconf 85' lang='lat' dir='ltr'>magis</span> <span class='ocrx_word' id='word_1_155' title='bbox 341 2300 553 2360; x_wconf 86' lang='lat' dir='ltr'>dominationis</span> <span class='ocrx_word' id='word_1_156' title='bbox 567 2320 633 2379; x_wconf 87' lang='lat' dir='ltr'>spes</span> <span class='ocrx_word' id='word_1_157' title='bbox 647 2303 824 2360; x_wconf 89' lang='lat' dir='ltr'>hortabatur</span> <span class='ocrx_word' id='word_1_158' title='bbox 837 2322 927 2379; x_wconf 90' lang='lat' dir='ltr'>quam</span> <span class='ocrx_word' id='word_1_159' title='bbox 947 2304 990 2361; x_wconf 91' lang='lat' dir='ltr'>in·</span> 
     </span>
     <span class='ocr_line' id='line_1_23' title="bbox 116 2400 994 2479; baseline 0.003 -24"><span class='ocrx_word' id='word_1_160' title='bbox 116 2400 209 2477; x_wconf 77' lang='lat' dir='ltr'>copia</span> <span class='ocrx_word' id='word_1_161' title='bbox 222 2405 277 2457; x_wconf 88' lang='lat' dir='ltr'>aut</span> <span class='ocrx_word' id='word_1_162' title='bbox 290 2400 349 2457; x_wconf 89' lang='lat' dir='ltr'>alia</span> <span class='ocrx_word' id='word_1_163' title='bbox 362 2400 556 2459; x_wconf 86' lang='lat' dir='ltr'>necessitudo.</span> <span class='ocrx_word' id='word_1_164' title='bbox 600 2407 729 2459; x_wconf 87' lang='lat' dir='ltr'>ceterum</span> <span class='ocrx_word' id='word_1_165' title='bbox 745 2402 887 2459; x_wconf 87' lang='lat' dir='ltr'>iuventus</span> <span class='ocrx_word' id='word_1_166' title='bbox 899 2402 994 2479; x_wconf 79' lang='lat' dir='ltr'>plera</span> 
     </span>
     <span class='ocr_line' id='line_1_24' title="bbox 141 2496 993 2573; baseline 0.001 -18"><span class='ocrx_word' id='word_1_167' title='bbox 141 2515 206 2573; x_wconf 92' lang='lat' dir='ltr'>que,</span> <span class='ocrx_word' id='word_1_168' title='bbox 222 2496 273 2554; x_wconf 88' lang='lat' dir='ltr'>sed</span> <span class='ocrx_word' id='word_1_169' title='bbox 285 2515 424 2555; x_wconf 83' lang='lat' dir='ltr'>maxume</span> <span class='ocrx_word' id='word_1_170' title='bbox 437 2497 591 2570; x_wconf 90' lang='lat' dir='ltr'>nobilium,</span> <span class='ocrx_word' id='word_1_171' title='bbox 608 2496 755 2555; x_wconf 89' lang='lat' dir='ltr'>Catilinae</span> <span class='ocrx_word' id='word_1_172' title='bbox 769 2497 896 2573; x_wconf 87' lang='lat' dir='ltr'>inceptis</span> <span class='ocrx_word' id='word_1_173' title='bbox 914 2498 993 2556; x_wconf 89' lang='lat' dir='ltr'>fave-</span> 
     </span>
     <span class='ocr_line' id='line_1_25' title="bbox 141 2594 994 2672; baseline 0.002 -20"><span class='ocrx_word' id='word_1_174' title='bbox 141 2595 201 2669; x_wconf 86' lang='lat' dir='ltr'>bat,</span> <span class='ocrx_word' id='word_1_175' title='bbox 218 2594 326 2671; x_wconf 85' lang='lat' dir='ltr'>quibus</span> <span class='ocrx_word' id='word_1_176' title='bbox 339 2594 372 2652; x_wconf 93' lang='lat' dir='ltr'>in</span> <span class='ocrx_word' id='word_1_177' title='bbox 386 2594 449 2653; x_wconf 88' lang='lat' dir='ltr'>otio</span> <span class='ocrx_word' id='word_1_178' title='bbox 462 2595 511 2654; x_wconf 90' lang='lat' dir='ltr'>vel</span> <span class='ocrx_word' id='word_1_179' title='bbox 522 2596 678 2672; x_wconf 89' lang='lat' dir='ltr'>magnifice</span> <span class='ocrx_word' id='word_1_180' title='bbox 691 2597 739 2654; x_wconf 92' lang='lat' dir='ltr'>vel</span> <span class='ocrx_word' id='word_1_181' title='bbox 752 2597 883 2654; x_wconf 90' lang='lat' dir='ltr'>molliter</span> <span class='ocrx_word' id='word_1_182' title='bbox 894 2597 994 2654; x_wconf 89' lang='lat' dir='ltr'>vivere</span> 
     </span>
     <span class='ocr_line' id='line_1_26' title="bbox 141 2691 1029 2770; baseline 0.003 -21"><span class='ocrx_word' id='word_1_183' title='bbox 141 2691 226 2768; x_wconf 89' lang='lat' dir='ltr'>copia</span> <span class='ocrx_word' id='word_1_184' title='bbox 247 2696 320 2764; x_wconf 80' lang='lat' dir='ltr'>erat,</span> <span class='ocrx_word' id='word_1_185' title='bbox 340 2691 456 2750; x_wconf 90' lang='lat' dir='ltr'>incerta</span> <span class='ocrx_word' id='word_1_186' title='bbox 473 2710 528 2769; x_wconf 91' lang='lat' dir='ltr'>pro</span> <span class='ocrx_word' id='word_1_187' title='bbox 544 2693 640 2765; x_wconf 85' lang='lat' dir='ltr'>certis,</span> <span class='ocrx_word' id='word_1_188' title='bbox 657 2692 769 2750; x_wconf 88' lang='lat' dir='ltr'>bellum</span> <span class='ocrx_word' id='word_1_189' title='bbox 787 2711 877 2770; x_wconf 90' lang='lat' dir='ltr'>quam</span> <span class='ocrx_word' id='word_1_190' title='bbox 891 2713 992 2769; x_wconf 89' lang='lat' dir='ltr'>pacem</span> <span class='ocrx_word' id='word_1_191' title='bbox 1006 2727 1029 2761; x_wconf 80' lang='lat'>²5</span> 
     </span>
     <span class='ocr_line' id='line_1_27' title="bbox 117 2789 994 2867; baseline 0 -20"><span class='ocrx_word' id='word_1_192' title='bbox 117 2815 129 2856; x_wconf 74' lang='lat'><em>7</em></span> <span class='ocrx_word' id='word_1_193' title='bbox 141 2790 299 2848; x_wconf 89' lang='lat' dir='ltr'>malebant.</span> <span class='ocrx_word' id='word_1_194' title='bbox 336 2789 420 2849; x_wconf 84' lang='lat' dir='ltr'>fuere</span> <span class='ocrx_word' id='word_1_195' title='bbox 442 2789 515 2848; x_wconf 88' lang='lat' dir='ltr'>item</span> <span class='ocrx_word' id='word_1_196' title='bbox 534 2809 570 2848; x_wconf 91' lang='lat' dir='ltr'>ea</span> <span class='ocrx_word' id='word_1_197' title='bbox 583 2795 760 2867; x_wconf 88' lang='lat' dir='ltr'>tempestate</span> <span class='ocrx_word' id='word_1_198' title='bbox 774 2791 827 2867; x_wconf 91' lang='lat' dir='ltr'>qui</span> <span class='ocrx_word' id='word_1_199' title='bbox 840 2790 994 2849; x_wconf 82' lang='lat' dir='ltr'>crederent</span> 
     </span>
     <span class='ocr_line' id='line_1_28' title="bbox 140 2884 994 2964; baseline 0.002 -21"><span class='ocrx_word' id='word_1_200' title='bbox 140 2884 184 2945; x_wconf 89' lang='lat' dir='ltr'>M.</span> <span class='ocrx_word' id='word_1_201' title='bbox 211 2885 360 2944; x_wconf 90' lang='lat' dir='ltr'>Licinium</span> <span class='ocrx_word' id='word_1_202' title='bbox 388 2885 528 2944; x_wconf 89' lang='lat' dir='ltr'>Crassum</span> <span class='ocrx_word' id='word_1_203' title='bbox 556 2905 617 2944; x_wconf 89' lang='lat' dir='ltr'>non</span> <span class='ocrx_word' id='word_1_204' title='bbox 640 2887 777 2964; x_wconf 89' lang='lat' dir='ltr'>ignarum</span> <span class='ocrx_word' id='word_1_205' title='bbox 805 2886 869 2946; x_wconf 87' lang='lat' dir='ltr'>eius</span> <span class='ocrx_word' id='word_1_206' title='bbox 890 2888 994 2946; x_wconf 89' lang='lat' dir='ltr'>consili</span> 
     </span>
     <span class='ocr_line' id='line_1_29' title="bbox 85 2983 994 3062; baseline 0.001 -20"><span class='ocrx_word' id='word_1_207' title='bbox 85 3053 89 3060; x_wconf 23' lang='lat'><em>⁶</em></span> <span class='ocrx_word' id='word_1_208' title='bbox 140 2983 254 3043; x_wconf 79' lang='lat' dir='ltr'>fuisse:</span> <span class='ocrx_word' id='word_1_209' title='bbox 274 2985 345 3062; x_wconf 90' lang='lat' dir='ltr'>quia</span> <span class='ocrx_word' id='word_1_210' title='bbox 368 2984 421 3045; x_wconf 87' lang='lat' dir='ltr'>Cn.</span> <span class='ocrx_word' id='word_1_211' title='bbox 439 2984 609 3061; x_wconf 29' lang='lat' dir='ltr'>,Pompeius</span> <span class='ocrx_word' id='word_1_212' title='bbox 633 2984 749 3042; x_wconf 88' lang='lat' dir='ltr'>invisus</span> <span class='ocrx_word' id='word_1_213' title='bbox 772 2984 831 3061; x_wconf 84' lang='lat' dir='ltr'>ipsi</span> <span class='ocrx_word' id='word_1_214' title='bbox 855 3003 994 3061; x_wconf 85' lang='lat' dir='ltr'>magnum</span> 
     </span>
     <span class='ocr_line' id='line_1_30' title="bbox 140 3080 995 3158; baseline 0 -19"><span class='ocrx_word' id='word_1_215' title='bbox 140 3080 305 3139; x_wconf 88' lang='lat' dir='ltr'>exercitum</span> <span class='ocrx_word' id='word_1_216' title='bbox 329 3080 480 3153; x_wconf 88' lang='lat' dir='ltr'>ductabat,</span> <span class='ocrx_word' id='word_1_217' title='bbox 501 3081 633 3139; x_wconf 87' lang='lat' dir='ltr'>cuiusvis</span> <span class='ocrx_word' id='word_1_218' title='bbox 653 3099 723 3158; x_wconf 82' lang='lat' dir='ltr'>opes</span> <span class='ocrx_word' id='word_1_219' title='bbox 744 3081 873 3138; x_wconf 84' lang='lat' dir='ltr'>voluisse</span> <span class='ocrx_word' id='word_1_220' title='bbox 891 3088 995 3139; x_wconf 88' lang='lat' dir='ltr'>contra</span> 
     </span>
    </p>
   </div>
   <div class='ocr_carea' id='block_1_3' title="bbox 190 3314 844 3459">
    <p class='ocr_par' dir='ltr' id='par_1_3' title="bbox 190 3314 844 3459">
     <span class='ocr_line' id='line_1_31' title="bbox 191 3314 844 3383; baseline -0.008 -15"><span class='ocrx_word' id='word_1_221' title='bbox 191 3320 206 3368; x_wconf 82' lang='lat'><strong>3</strong></span> <span class='ocrx_word' id='word_1_222' title='bbox 238 3315 343 3380; x_wconf 84' lang='lat' dir='ltr'>petendi</span> <span class='ocrx_word' id='word_1_223' title='bbox 353 3318 376 3366; x_wconf 91' lang='lat' dir='ltr'><strong><em>P</em></strong></span> <span class='ocrx_word' id='word_1_224' title='bbox 387 3316 491 3379; x_wconf 84' lang='lat' dir='ltr'>petendi</span> <span class='ocrx_word' id='word_1_225' title='bbox 501 3331 530 3367; x_wconf 84' lang='lat' dir='ltr'>or</span> <span class='ocrx_word' id='word_1_226' title='bbox 540 3315 639 3379; x_wconf 82' lang='lat' dir='ltr'>petenti</span> <span class='ocrx_word' id='word_1_227' title='bbox 651 3317 673 3366; x_wconf 80' lang='grc'><em>0</em></span> <span class='ocrx_word' id='word_1_228' title='bbox 684 3314 793 3381; x_wconf 83' lang='lat' dir='ltr'>(petenti</span> <span class='ocrx_word' id='word_1_229' title='bbox 799 3315 844 3383; x_wconf 74' lang='lat' dir='ltr'>pl)</span> 
     </span>
     <span class='ocr_line' id='line_1_32' title="bbox 190 3397 495 3459; baseline 0 -11"><span class='ocrx_word' id='word_1_230' title='bbox 190 3400 222 3448; x_wconf 78' lang='lat'>22</span> <span class='ocrx_word' id='word_1_231' title='bbox 256 3397 307 3450; x_wconf 85' lang='lat' dir='ltr'>alia</span> <span class='ocrx_word' id='word_1_232' title='bbox 318 3398 364 3449; x_wconf 79' lang='grc' dir='ltr'>ΡΟ</span> <span class='ocrx_word' id='word_1_233' title='bbox 374 3397 461 3459; x_wconf 82' lang='lat' dir='ltr'>aliqua</span> <span class='ocrx_word' id='word_1_234' title='bbox 473 3399 495 3448; x_wconf 81' lang='lat' dir='ltr'>C</span> 
     </span>
    </p>
   </div>
   <div class='ocr_carea' id='block_1_4' title="bbox 0 0 1108 3720">
    <p class='ocr_par' dir='ltr' id='par_1_4' title="bbox 0 0 1108 3720">
     <span class='ocr_line' id='line_1_33' title="bbox 0 0 1108 3720; baseline 0 0"><span class='ocrx_word' id='word_1_235' title='bbox 0 0 1108 3720; x_wconf 95' lang='lat' dir='ltr'> </span> 
     </span>
    </p>
   </div>
  </div>
 </body>
</html>
