2198 3720
153 189 191 248 aa
358 185 389 246 a.
416 186 520 245 olen
528 185 622 248 1⁷er
648 185 795 246 CRISPJ
911 184 945 268 [ο.
964 187 1000 243 ro

151 332 211 391 fuit
219 353 228 406 3
249 332 360 391 litteris
375 332 495 391 Graecis
509 338 541 390 et
554 331 672 391 Latinis
688 332 784 405 docte,
802 334 927 411 psallere
948 335 1002 391 sal-

151 436 216 488 tare
243 429 415 507 elegantius,
445 448 534 506 quam
557 447 675 488 neeesse
698 435 744 487 eat
768 431 885 507 probae,
906 430 1003 488 multa

128 529 219 601 3alia,
228 547 304 605 quae
318 529 518 586 instrumenta
531 527 762 587 luxuriaeeunt.
785 529 876 586 sedai
890 529 1002 586 cariora

151 645 266 704 semper
288 626 387 684 omnia
410 644 499 702 quam
522 624 611 681 decus
638 629 728 700 atque
751 624 898 701 pudicitia
924 625 1002 699 fuit3

151 725 292 802 pecuniae
306 742 346 780 an
360 722 456 780 famae
470 723 570 779 minus
583 729 726 798 parceret,
741 723 821 781 haud
840 724 928 782 facile
946 724 1026 792 dis-5

71 819 73 825 ’
128 840 291 884 4eernerea
336 819 388 877 sed
408 838 443 877 ea
465 837 551 895 saepe
568 819 694 876 antehac
712 818 801 876 fidem
822 820 1000 896 prodiderat,

152 919 297 978 creditum
312 919 509 990 abiuraverat,
522 917 619 975 caedis
634 918 751 976 conscia
761 919 868 991 iuerat,
883 919 1003 976 luxuria

128 1025 241 1094 satque
268 1015 369 1092 inopia
396 1032 534 1090 praeceps
562 1013 682 1072 abierat
726 1034 830 1072 verum
851 1016 1002 1091 ingenium

152 1115 216 1173 eius
236 1114 317 1172 haud
338 1112 520 1173 absurdum:
541 1131 625 1189 posse
649 1132 752 1170 versus
773 1113 880 1186 iacere,
905 1114 1002 1172 ioeum

152 1232 278 1284 movere,
307 1230 441 1270 sermone
463 1211 511 1268 uti
537 1210 586 1268 'vel
613 1209 746 1268 modesto
770 1210 818 1268 vel
845 1211 928 1289 molli
954 1211 1002 1268 vel
1015 1243 1039 1268 ιο

152 1311 285 1387 procaci3
305 1328 426 1387 prorsus
447 1309 559 1367 multae
580 1309 706 1367 facetiae
727 1309 898 1385 multusque
922 1309 1003 1386 lepos

152 1410 256 1467 inerat.

57 1565 60 1569 ,
93 1505 138 1575 26
215 1506 275 1563 His
296 1505 384 1564 rebus
406 1505 575 1581 conparatis
597 1503 728 1562 Catilina
741 1505 836 1564 nihilo
853 1506 951 1562 minus
971 1506 1004 1562 in

153 1624 332 1680 proxumum
350 1623 462 1661 annum
483 1603 669 1661 consulatum
689 1604 818 1680 petebat,
833 1623 962 1680 sperant,
978 1602 1004 1660 si

154 1701 325 1778 designatus
349 1700 435 1774 foret,
458 1700 546 1758 faoile
569 1719 601 1758 ee
625 1720 662 1757 ex
684 1699 839 1757 voluntate
867 1700 1038 1771 Antoniou

154 1817 285 1856 usurum.
326 1815 422 1872 neque
442 1797 556 1854 interea
576 1796 694 1873 quietus
715 1801 787 1867 erat,
802 1795 854 1854 sed
868 1796 1004 1852 omnibus

131 1894 249 1952 2m0dis
262 1892 386 1951 insidias
400 1893 526 1969 parabat
540 1891 681 1951 Ciceroni
724 1911 821 1969 neque
841 1892 887 1949 illi
903 1898 1004 1950 tamen

132 2019 143 2055 3
155 1992 192 2051 ad
207 1992 372 2050 cavendum
386 1991 471 2048 dolus
485 1996 539 2048 aut
554 1992 682 2049 astutiae
703 1991 833 2050 deerant.
877 2010 1004 2067 namque

155 2111 173 2149 a
195 2090 343 2167 principio
371 2090 541 2162 consulatus
565 2090 611 2147 sui
637 2090 734 2147 multa
760 2089 925 2165 pollioendo
951 2109 1005 2166 per

156 2189 295 2246 Fulviam
314 2189 459 2260 effecerat,
478 2194 513 2246 ut
526 2188 560 2258 Q.
578 2187 694 2258 Curius,
710 2187 747 2245 de
761 2207 819 2264 quo
832 2187 921 2264 paulo
934 2193 1004 2245 ante
1016 2226 1041 2253 ,ο

132 2309 144 2347 4
156 2286 326 2357 memoravi,
342 2285 464 2343 consilia
478 2284 624 2343 Catilinae
638 2284 696 2342 sibi
710 2284 854 2360 proderet
898 2283 1004 2342 adhoc

127 2460 129 2466 Ι
156 2384 307 2460 conlegam
322 2403 409 2441 suum
418 2383 593 2440 'Antonium
606 2383 744 2459 pactione
760 2382 930 2459 provinciae
943 2403 1006 2460 per-

156 2481 281 2558 pulerat,
304 2499 343 2537 ne
356 2485 460 2538 eontra
478 2499 540 2536 rem
560 2478 709 2555 publicam
730 2478 856 2536 sentiret
865 2499 874 2552 ;
895 2479 1005 2537 circum

156 2597 188 2636 se
201 2576 349 2654 praesidia
362 2576 523 2633 amicorum
532 2580 623 2652 atque
634 2574 786 2632 clientium
798 2574 912 2631 occulte
920 2574 1006 2633 habe·

134 2678 217 2737 sbat.
259 2679 417 2752 postquam
432 2673 495 2731 dies
509 2673 697 2731 comitiorum
715 2673 800 2730 venit
813 2677 844 2732 et
858 2672 1005 2736 Catilinae
1016 2718 1041 2755 25

159 2880 205 2921 two
219 2873 242 2921 ir
255 2874 280 2920 'tr
294 2871 378 2921 added
391 2885 450 2920 over
463 2872 503 2920 the
518 2872 569 2920 liae
586 2872 616 2933 ty
629 2872 670 2919 the
681 2871 742 2933 first
759 2871 834 2931 hond,
855 2869 912 2919 uiro
930 2874 1006 2933 etque

157 2952 245 3003 liberio
255 2953 302 3003 Po

207 3035 221 3082 l
254 3033 364 3096 psallere
391 3033 486 3083 saltare
514 3035 534 3082 0
559 3035 702 3083 Macrobius
728 3032 836 3095 psallere
861 3035 887 3081 et
914 3034 1006 3082 saltare

157 3116 204 3165 Po
221 3115 273 3178 (the
293 3113 388 3164 saltere
404 3116 434 3162 io
449 3114 472 3162 P
488 3115 511 3162 ia
527 3115 653 3163 corrected
667 3114 735 3176 frma
753 3115 857 3162 eantare
876 3114 958 3162 which
974 3115 1006 3162 P¹

159 3197 212 3256 hau,
227 3196 270 3243 bat
281 3195 344 3242 with
354 3193 450 3244 saltare
461 3197 490 3243 ia
501 3195 542 3243 tte
553 3191 661 3258 marein)
679 3194 795 3256 (Mataei)

209 3275 239 3322 11
272 3273 349 3322 multi
367 3273 434 3323 soles
449 3289 479 3337 p,
501 3289 558 3322 over
575 3275 616 3322 the
635 3275 694 3331 liae,
714 3288 764 3324 aee.
784 3279 809 3322 to
831 3276 905 3337 Wirz,
925 3276 1007 3323 witich

86 3362 89 3370 '
159 3370 222 3423 sorno
233 3357 302 3405 Mes
314 3356 375 3405 have
386 3358 415 3404 ia
427 3357 466 3405 the
478 3362 530 3404 text
544 3354 549 3424 l
563 3370 611 3417 que
622 3371 667 3404 om.
680 3357 703 3404 P
715 3356 880 3422 (Schoindler)
