2198 3720
99 203 137 260 ec
304 201 328 261 c
366 201 573 260 srrrrsrr
597 202 742 262 crrsrr
860 199 896 282 [ο.
913 204 951 261 43

39 347 85 418 43
159 348 205 404 At
219 346 334 405 Romae
350 347 499 405 Lentulus
517 368 585 405 cum
600 349 715 420 ceteris,
731 349 783 425 qui
798 349 952 427 principes
1005 387 1006 390 =

98 443 314 527 coniurationis
333 447 429 516 erant,
449 444 564 520 peratis
585 449 621 502 ut
639 444 820 503 videbantur
836 447 952 523 magnis

98 541 200 618 copiis,
223 542 443 600 constituerant
465 543 520 613 uti,
545 562 612 599 cum
636 542 768 602 Oatilina
791 545 824 601 in
848 565 952 623 agrum

98 639 296 698 Faesulanum
320 661 387 698 cum
407 642 542 698 exercitu
560 624 702 713 venisset,
725 641 757 699 L
779 641 884 700 Bestia
896 644 950 700 tri-

98 737 196 795 bunus
210 739 305 815 plebis
316 739 454 797 contione
469 722 573 796 habita
588 746 762 815 quereretur
776 739 814 798 de
827 740 950 798 actioni·
965 780 978 818 5

97 835 154 891 bus
169 834 319 893 Oiceronis
332 836 462 912 bellique
476 836 655 912 gravissumi
668 836 813 894 invidiam
829 842 951 913 optumo

99 933 213 990 consuli
227 934 392 1010 inponeret.
429 953 464 991 eo
485 934 570 1010 signo
590 952 738 1009 proxuma
750 939 839 991 nocte
854 940 952 992 cetera

98 1029 263 1087 multitudo
285 1029 500 1088 coniurationis
528 1049 616 1099 suum
644 1031 770 1106 quisque
798 1032 950 1107 negotium

74 1121 304 1204 assequeretur.
349 1129 400 1186 sed
419 1148 454 1186 ea
472 1128 570 1185 divisa
585 1127 641 1186 hoc
655 1128 743 1186 modo
757 1127 950 1187 dicebantur:

100 1225 239 1283 Statilius
261 1230 292 1283 et
315 1225 461 1282 Gabinius
482 1225 528 1282 uti
553 1244 621 1282 cum
643 1244 752 1300 magna
773 1244 865 1282 manu
882 1225 950 1283 duo·
965 1260 989 1285 10

99 1321 195 1379 decim
208 1321 297 1380 simul
317 1327 485 1397 opportuna
499 1320 564 1378 loca
577 1321 660 1378 urbis
674 1321 877 1392 incenderent,
893 1341 951 1398 quo

98 1421 234 1479 tumultu
261 1419 377 1477 facilior
405 1419 506 1477 aditus
534 1417 572 1476 ad
601 1419 752 1476 consulem
781 1425 951 1496 ceterosque

100 1519 207 1595 quibus
217 1504 344 1576 insidiae
358 1518 544 1593 parabantur
553 1516 657 1590 fieret,
679 1516 829 1593 Cethegus
839 1516 951 1575 Cicero-

99 1618 147 1675 nis
159 1617 280 1674 ianuam
295 1617 445 1674 obsideret
458 1635 584 1702 eumque
599 1616 630 1671 vi
644 1613 863 1691 aggrederetur,
876 1616 950 1671 elius

99 1719 201 1771 autem
224 1713 326 1784 alium,
349 1711 400 1769 sed
417 1711 473 1767 filii
495 1711 687 1780 familiarum,
703 1729 827 1786 quorum
847 1730 884 1767 ex
898 1731 988 1784 no-15

98 1810 216 1868 bilitate
238 1829 380 1868 maxuma
401 1828 469 1885 pars
492 1813 564 1881 erat,
583 1808 716 1885 parentis
738 1808 950 1878 interficerent,

46 1902 68 1914 ‘'
100 1909 188 1966 simul
220 1908 308 1966 caede
344 1916 376 1966 et
408 1907 547 1965 incendio
577 1906 720 1983 perculsis
748 1905 885 1963 omnibus
912 1907 949 1963 ad

74 2029 89 2085 s¹
100 2005 262 2064 Catilinam
286 2009 483 2082 erumperent
527 2003 608 2060 inter
635 2002 708 2060 haec
730 2007 836 2079 parata
860 2007 951 2077 atque

100 2102 218 2159 decreta
246 2100 393 2178 Cethegus
421 2120 538 2177 semper
562 2099 743 2176 querebatur
767 2098 804 2156 de
831 2099 952 2175 ignavia

100 2199 264 2259 sociorum:
284 2198 352 2256 illos
372 2197 540 2264 dubitando
558 2201 589 2254 et
608 2195 670 2253 dies
684 2195 860 2272 prolatando
874 2215 948 2271 mag·
965 2233 991 2259 20

100 2315 154 2354 nas
167 2294 407 2372 opportunitates
426 2311 627 2369 conrumpere,
643 2276 803 2379 factolnon
817 2291 952 2348 consulto
966 2284 971 2364 ἱ

99 2393 132 2450 in
142 2392 197 2449 tali
207 2390 339 2468 periculo
352 2409 426 2467 opus
437 2409 501 2448 esse
514 2407 612 2466 seque,
622 2388 648 2446 si
661 2386 750 2464 pauci
763 2388 950 2459 adiuvarent,

9 2542 12 2549 .
72 2507 74 2511 ’
99 2487 312 2564 languentibus
336 2485 402 2544 aliis
430 2486 575 2562 impetum
598 2484 631 2540 in
653 2483 766 2540 curiam
790 2483 948 2541 facturum.

75 2614 87 2650 4
99 2591 209 2644 natura
218 2584 304 2644 ferox
313 2583 472 2642 vehemens
485 2602 577 2640 manu
587 2586 744 2658 promptus
758 2586 831 2654 erat,
847 2600 949 2655 maxu-

100 2701 182 2740 mum
195 2683 307 2740 bonum
321 2681 353 2737 in
369 2680 522 2737 celeritate
535 2679 670 2755 putebat.
965 2716 990 2752 25

150 2815 165 2860 2
200 2810 357 2861 uidebantur
371 2812 391 2858 0
404 2810 466 2874 (one)
479 2825 492 2858 z
504 2808 642 2857 uidebatur
653 2809 698 2855 Po

151 2895 166 2941 3
199 2889 390 2941 constituerunt
401 2890 447 2938 Po
459 2887 629 2937 constituerat
643 2888 663 2934 Ο

150 2974 166 3021 4
199 2972 361 3020 Assulanum
373 2968 563 3032 (Aefulanum)
578 2967 766 3016 Raucbenstein
781 2965 952 3015 Carsulanunr

101 3070 129 3104 or
141 3053 327 3102 Trossulunsm
338 3050 444 3099 Dietsct
456 3047 632 3097 suburbanum
646 3047 712 3095 Wirz
725 3048 777 3109 (but
789 3048 846 3095 both
857 3050 891 3096 D.
901 3052 954 3098 ond

105 3138 172 3187 Wira
183 3137 213 3184 in
224 3135 292 3183 their
303 3139 368 3181 teste
379 3133 471 3195 merely
484 3132 579 3192 dquer
588 3129 772 3192 Faesulanum)

150 3220 167 3267 8
200 3214 307 3278 quisque
320 3215 353 3264 02
365 3227 482 3275 quaeque
493 3214 539 3262 PG

152 3300 183 3347 20
216 3297 245 3346 in
256 3297 311 3345 dies
322 3294 476 3359 prolatando
488 3297 600 3344 Eussmr

152 3383 182 3430 21
215 3380 334 3429 consulto
345 3380 365 3428 0
376 3376 547 3427 consultando
559 3377 605 3426 Po
