2198 3720
151 215 190 272 co
358 214 389 274 u
413 214 615 279 saturer]
640 216 787 278 cnzsrr
906 219 942 300 [ο.
961 204 999 276 co

150 363 259 438 stituit,
274 364 456 442 reliquarum
466 364 551 442 signa
563 366 596 423 in
610 366 743 424 subsidio
751 367 847 425 artius
858 368 997 425 conlocat.

127 461 188 522 aab
210 460 252 519 eis
272 462 460 520 centuriones
478 463 584 536 omnis,
601 462 692 522 lectos
709 470 740 522 et
758 475 904 536 evocatae,
919 483 1000 542 prac-

151 562 233 614 terea
259 575 298 614 ox
324 557 465 634 gregariis
496 558 643 616 militibus
672 565 828 635 optumum
855 579 1001 636 quemque

151 660 299 711 armatum
314 656 348 711 in
366 655 493 731 primam
507 655 600 713 aciem
615 656 760 714 subducit.
805 655 836 714 O.
850 657 1001 715 Manlium

152 751 184 807 in
205 751 319 824 dextra,
340 752 537 810 Faesulanum
554 754 701 829 quendam
725 753 758 810 in
779 753 900 812 sinistra
917 761 1025 830 partes

153 868 255 906 curare
267 849 358 908 iubet
384 849 447 926 ipse
461 869 528 908 oum
542 849 658 908 libertis
672 856 703 908 et
717 850 868 908 calonibus
882 855 1002 927 propter

112 961 114 964 ’
153 944 282 1020 aquilam
292 944 419 1015 adsistit,
434 964 522 1022 quam
535 945 611 1003 bello
626 945 773 1004 Cimbrico
789 945 819 1004 Ο.
838 945 955 1003 Marius
969 946 1001 1002 in

129 1041 287 1102 sexercitu
313 1041 450 1100 habuisse
477 1043 637 1101 dicebatur.
681 1048 714 1100 at
741 1063 779 1100 ex
801 1043 895 1101 altera
917 1050 1002 1119 parte

154 1138 186 1198 0.
216 1138 369 1197 Antonius
396 1140 520 1216 pedibus
547 1159 644 1216 aeger,
664 1139 744 1216 quod
768 1141 879 1217 proelio
901 1140 1001 1199 adesse

154 1236 304 1314 nequibat,
327 1237 369 1296 M.
395 1237 514 1296 Petroio
533 1237 632 1315 legato
654 1239 820 1296 exercitum
844 1237 998 1314 permittit.
1016 1269 1039 1295 10

131 1334 205 1392 sille
228 1335 358 1393 cohortis
381 1340 543 1407 veteranas,
567 1355 640 1412 quas
659 1336 808 1394 tumultus
826 1355 913 1394 causa
937 1355 1009 1414 con-1

154 1432 317 1509 scripserat,
331 1434 365 1490 in
377 1434 483 1505 fronte,
498 1440 565 1511 post
584 1453 634 1492 eas
647 1441 778 1492 ceterum
792 1434 956 1491 exercitum
969 1433 1000 1488 in

155 1527 293 1587 subsidiis
300 1528 386 1586 locat.
412 1529 476 1605 ipse
484 1548 559 1606 equo
568 1529 743 1588 circumiens
754 1549 848 1586 unum
857 1548 1002 1606 quemque

155 1624 310 1682 nominans
328 1625 458 1702 appellat
479 1625 625 1691 hortatur,
649 1629 735 1701 rogat
756 1630 791 1682 ut
813 1625 1003 1683 meminerint

155 1740 186 1779 se
197 1726 300 1779 contra
312 1721 441 1779 latrones
456 1721 576 1779 inermis
589 1740 643 1798 pro
656 1721 753 1797 patria
766 1739 820 1797 pro
833 1720 935 1778 liberis
950 1741 1003 1798 pro
1016 1751 1040 1788 ις

131 1819 215 1876 caris
231 1824 321 1895 atque
333 1818 406 1877 focis
421 1820 481 1877 suis
495 1824 617 1877 certare.
659 1818 747 1877 homo
760 1817 907 1890 militaris,
923 1819 1002 1895 quod

156 1915 283 1991 amplius
296 1934 389 1973 annos
402 1914 528 1990 triginta
547 1915 687 1972 tribunus
704 1918 758 1972 aut
770 1915 936 1990 praefectus
950 1921 1004 1974 aut

156 2011 271 2085 legatus
292 2017 345 2068 aut
362 2016 481 2087 praetor
502 2001 568 2069 cum
588 2029 695 2088 magna
712 2009 807 2085 gloria
822 2011 855 2068 in
869 2012 1002 2069 exercitu

156 2109 261 2180 fuerat,
285 2109 439 2185 plerosque
461 2109 540 2185 ipsos
558 2108 696 2184 iactaque
716 2126 819 2166 corum
843 2107 934 2165 fortia
954 2128 1004 2167 no-

157 2210 259 2262 verat:
281 2224 315 2262 ea
328 2204 573 2263 conmemorando
592 2205 722 2262 militum
741 2205 854 2262 animos
868 2205 1003 2262 accende·
1017 2236 1042 2262 20

157 2301 217 2358 bat.

95 2404 140 2473 60
218 2395 276 2454 Sed
290 2396 342 2453 ubi
355 2397 492 2455 omnibus
504 2397 593 2455 rebus
606 2396 767 2473 exploratis
782 2397 917 2454 Petreius
930 2398 1005 2455 tuba

157 2493 274 2569 signum
283 2494 343 2566 dat,
355 2494 486 2553 cohortis
497 2494 641 2571 paulatim
655 2495 789 2552 incedere
803 2494 892 2551 iubet.
925 2494 1004 2552 idem

132 2589 232 2647 2iacit
251 2588 381 2647 hostium
400 2591 556 2648 exercitus.
591 2600 748 2667 postquam
763 2608 797 2648 eo
811 2596 935 2647 ventum
949 2596 1003 2664 est,

206 2735 221 2782 5
254 2732 358 2783 dextero
371 2733 497 2800 0(cfew)

205 2814 221 2864 6
253 2813 386 2864 calonibus
403 2816 441 2863 zo
452 2814 481 2880 (3)
495 2813 630 2864 colonibus
645 2815 690 2864 ΡΟ
707 2814 815 2864 coloniis
834 2818 896 2865 0-
908 2817 1006 2867 colonis

157 2895 288 2944 Ktirucha

206 2978 221 3027 7
254 2973 531 3038 adsistitPadstititp

206 3054 237 3103 11
270 3054 399 3103 tumultus
409 3055 456 3103 ΡΟ
472 3054 579 3104 tumulti
592 3056 699 3115 Norica,
711 3060 816 3120 quotiay
827 3062 953 3123 capreola
961 3061 1006 3122 for

158 3131 223 3185 ttdt.
256 3137 309 3186 i'lre
320 3137 425 3198 reading]
436 3139 459 3186 is
470 3137 527 3185 aoid
539 3144 563 3187 to
576 3138 640 3188 have
656 3140 715 3189 teca
725 3141 755 3188 io
769 3155 814 3190 oue
828 3142 903 3190 Obut
918 3145 1006 3191 crased

158 3205 273 3278 (Dictat
283 3217 389 3284 Mourel)

206 3298 237 3347 15
270 3297 409 3348 inermis&
421 3296 588 3346 inhermosP

205 3381 238 3428 23
269 3379 347 3443 iubet,
362 3383 436 3430 Kritz
447 3383 552 3430 Dictat
566 3383 632 3431 Wirz
644 3381 731 3442 iubet;
754 3386 832 3432 Fabri
844 3384 959 3433 Scbmalz
