2198 3720
131 225 153 263 ο.
172 203 223 285 51]
337 203 516 260 ruitur
542 202 785 263 carrarum.
949 207 985 262 45

131 353 253 410 fortuna
266 371 369 410 eorum
382 371 468 428 pares
482 358 567 410 sunt:
585 353 637 428 qui
652 372 758 428 magno
768 352 892 429 imperio
906 373 986 428 prae-

131 448 188 507 diti
208 450 241 506 in
259 449 376 508 excelso
394 456 524 508 aetatem
543 455 645 526 agunt,
666 470 768 509 eorum
787 451 869 509 facta
887 450 988 509 cuncti

131 546 270 604 mortales
283 564 399 605 novere.
442 546 487 603 ita
504 545 538 603 in
556 533 697 605 maxuma
713 547 840 608 fortuna
854 544 988 606 minuma
1003 573 1026 609 η

130 643 253 701 licentia
261 647 315 703 est.
341 663 437 720 neque
446 644 566 702 studere
575 663 670 720 neque
680 645 785 715 odisse,
794 644 987 703 sedminume

107 742 219 799 sirasci
232 741 325 800 decet.
370 762 445 819 quae
460 743 540 819 apud
557 743 631 801 alios
649 743 805 800 iracundia
819 742 937 814 dicitur,
952 762 987 800 ea
1002 770 1024 806 14

130 840 163 895 in
191 840 314 915 imperio
342 839 481 916 superbia
508 845 598 915 atque
623 839 783 896 crudelitas
808 839 983 915 appellatur.
1025 865 1027 868 ⁴

131 937 267 1015 equidem
287 957 341 1014 ego
359 937 402 995 sic
416 938 574 1009 existumo,
589 942 690 1014 patres
706 938 875 1014 conscripti,
891 937 987 995 omnis
1001 959 1025 997 15
1063 1007 1066 1014 ,

132 1035 280 1091 cruciatus
295 1035 424 1091 minores
438 1054 527 1110 quam
542 1033 675 1092 facinora
688 1033 807 1091 illorum
822 1043 891 1092 esse.
935 1034 987 1092 sed

131 1132 263 1208 plerique
274 1133 414 1190 mortales
427 1138 577 1209 postrema
591 1135 758 1206 meminere,
771 1137 803 1190 et
817 1133 849 1189 in
863 1131 987 1189 homini-

95 1245 119 1271 10
132 1231 187 1286 bus
205 1229 295 1304 inpiis
303 1228 430 1296 §sceleris
448 1247 551 1286 eorum
565 1228 652 1286 obliti
666 1228 704 1286 de
717 1247 813 1305 poena
826 1228 985 1302 disserunt,

132 1327 158 1383 si
171 1345 206 1384 ea
218 1326 308 1402 paulo
322 1327 438 1384 saevior
451 1326 519 1385 fuit.
560 1327 598 1385 1),
615 1327 750 1386 Silanum
764 1327 866 1385 virum
876 1327 984 1385 fortem
999 1343 1023 1384 1⁶

131 1428 221 1500 atque
242 1428 397 1480 strenuum
418 1430 498 1480 certo
519 1424 579 1481 scio
597 1443 674 1500 quaa
692 1425 804 1482 dixerit
822 1425 922 1483 studio
941 1425 985 1483 rei

131 1518 267 1594 publicae
278 1518 388 1576 dixisse
399 1538 494 1595 neque
503 1519 590 1576 illum
604 1521 637 1577 in
650 1524 738 1578 tanta
751 1541 783 1579 re
795 1522 922 1596 gratiam
933 1530 986 1578 aut

132 1614 304 1676 inimicitias
318 1633 472 1672 exercere.
493 1634 542 1672 eos
559 1635 654 1674 mores
669 1636 792 1693 eamque
811 1618 985 1676 modestiam

97 1729 120 1763 Ῐ5
132 1713 190 1770 viri
204 1714 335 1789 cognovi
379 1732 483 1770 verum
502 1716 652 1772 sententia
670 1715 734 1772 eius
752 1715 826 1772 mihi
844 1735 905 1773 non
923 1736 986 1773 cru-
1000 1747 1023 1784 17

132 1810 319 1887 dalis—quid
347 1810 427 1868 enim
454 1811 487 1868 in
517 1811 587 1869 talis
614 1811 748 1869 homines
776 1811 893 1870 crudele
920 1812 986 1870 fieri

131 1913 231 1984 potest
239 1908 341 1966 l—sad
369 1909 467 1967 aliena
490 1929 508 1967 a
529 1929 562 1968 re
585 1910 706 1986 publica
728 1915 831 1967 nostra
855 1910 982 1969 videtur.

131 2024 200 2062 nam
228 2004 362 2081 proiecto
386 2011 440 2064 aut
466 2011 564 2064 metus
588 2012 643 2065 aut
669 2006 780 2064 iniuria
802 2011 834 2064 te
858 2008 984 2084 subegit,
1000 2025 1024 2066 18
1056 2058 1059 2064 .

133 2101 241 2174 Silene,
260 2102 409 2160 consulem
429 2102 617 2178 designatum
636 2122 729 2179 genus
746 2122 859 2180 poenae
877 2122 984 2163 novom

95 2217 121 2244 ²0
132 2199 295 2257 decernere.
326 2200 363 2257 de
376 2201 484 2259 timore
495 2220 766 2277 supervacuaneum
777 2208 824 2260 est
833 2201 984 2275 disserere,
999 2233 1023 2273 ις

132 2316 199 2355 cum
220 2299 394 2374 praesertim
416 2299 571 2376 diligentia
591 2300 756 2357 clarissumi
778 2301 836 2358 viri
857 2300 986 2359 consulis
1066 2303 1069 2307 ’

131 2400 219 2453 tanta
240 2397 388 2475 praesidia
411 2398 474 2456 sint
494 2399 528 2455 in
548 2399 646 2456 armis.
690 2398 727 2456 de
748 2417 844 2474 poena
865 2417 985 2475 possum
998 2431 1024 2458 ω

132 2493 275 2569 equidem¹
289 2493 386 2550 dicere
407 2493 438 2551 id
459 2495 538 2569 quod
558 2513 605 2552 res
625 2494 725 2566 habet,
742 2495 776 2551 in
794 2494 877 2552 luctu
896 2500 985 2572 atque

132 2588 259 2647 miseriis
276 2595 403 2647 mortam
412 2576 631 2668 {aerumnarum
647 2591 780 2668 requiem
786 2582 859 2657 {non
877 2592 986 2650 crucia

94 2706 119 2744 2⁵
132 2692 198 2742 tum
218 2704 289 2758 esse,
305 2705 370 2744 eam
392 2670 501 2744 cuncte
520 2687 692 2744 mortalium
716 2672 794 2744 mala
815 2688 983 2762 dissolvere,

132 2782 211 2840 ultra
231 2801 327 2858 neque
346 2801 433 2840 curae
451 2802 547 2859 neque
566 2783 675 2859 gaudio
693 2784 791 2843 locum
809 2803 879 2842 esse.
922 2784 1021 2857 sed,21

132 2899 185 2956 per
205 2880 274 2937 deos
294 2880 470 2952 inmortalis,
493 2900 581 2956 quam
604 2883 724 2939 obrem
749 2883 781 2939 in
806 2883 982 2940 sententiam

182 3049 196 3096 1
230 3063 319 3127 eorum
330 3052 376 3097 om.
388 3051 477 3098 Kortte

182 3131 212 3178 11
246 3130 331 3179 senior
340 3131 387 3180 Po
397 3132 510 3180 seuerior
520 3131 660 3182 mcv-so
671 3141 733 3183 mort
744 3135 836 3182 editors
937 3159 940 3167 v

181 3213 214 3260 20
246 3226 483 3274 superuacuaneum
493 3210 981 3280 PGVsupemsosnaumpuumorqiuj

182 3296 213 3341 22
246 3294 365 3343 inarmis
377 3294 431 3344 sint
445 3297 469 3344 V
712 3334 714 3337 -

181 3377 212 3426 27
246 3375 404 3423 sententiam
418 3377 462 3425 PG
472 3377 601 3425 sententia
614 3377 696 3425 P¹GV
