2198 3720
123 218 161 274 ss
333 216 764 277 c¹.,mmusrruu1.sr1
880 213 915 294 [ο.
931 215 969 271 58

121 363 216 441 glorio
228 382 325 441 neque
337 364 470 441 periculo
483 364 625 436 excitent,
639 363 821 440 nequiquam
835 362 970 421 hortere:

97 480 109 518 ³
123 461 213 519 timor
226 460 320 519 enimi
333 460 454 519 auribus
468 460 567 521 officit.
601 459 653 517 sed
667 478 721 536 ego
735 446 867 536 vos,'quo
877 478 972 536 pauca

122 575 280 629 monerem,
299 555 450 630 advocavi,
470 556 559 615 'simul
581 556 628 614 uti
651 574 769 614 causum
790 556 849 614 mei
868 556 972 613 consili

97 653 275 732 reperirem.
318 655 400 714 scitis
420 656 566 734 equidem,
588 655 708 727 milites,
729 654 863 713 socordio
883 659 972 730 etque

123 750 243 828 ignavie
256 749 380 810 Lentuli
392 759 535 830 quantem
549 752 606 829 ipsi
620 752 763 828 nobisque
774 749 887 808 cladem
896 755 973 807 sttu-
987 765 998 802 ⁵

124 847 194 905 lerit
206 866 323 925 quoque
336 849 432 921 modo,
442 849 512 907 dum
528 867 566 907 ex
580 850 652 905 urbe
667 848 814 924 praesidis
828 847 970 924 opperior,

100 944 155 1004 sin
178 943 305 1002 Gellium
326 935 475 1022 proficisci
494 945 689 1022 nequiverim.
732 963 812 1002 nunc
831 963 901 1002 vero
915 964 973 1020 qno

124 1040 188 1100 loco
201 1060 248 1100 res
262 1049 380 1101 nostrae
394 1045 465 1116 sint,
478 1044 566 1102 iuxta
578 1062 694 1102 mecum
709 1063 810 1101 omnes
828 1042 972 1119 intellegi-

101 1136 172 1197 otis.
215 1139 363 1198 exercitus
383 1140 514 1198 hostium
535 1140 602 1210 duo,
616 1159 695 1198 unus
714 1140 752 1197 eb
774 1141 847 1198 ur‘bo
865 1140 941 1198 ulter
957 1160 975 1197 a

126 1234 225 1295 Gellia
238 1235 366 1296 obstent.
399 1238 514 1295 diutius
527 1237 560 1294 in
574 1237 620 1295 his
634 1236 706 1295 locis
716 1256 789 1309 esse,
800 1238 826 1294 si
837 1221 974 1295 maxume
989 1265 1013 1291 10

125 1332 243 1391 enimus
255 1332 342 1406 ferat,
352 1333 498 1392 frumenti
511 1340 602 1410 etque
616 1334 743 1391 aliarum
752 1353 850 1392 rerum
861 1339 974 1410 egestus

101 1430 269 1509 rprohibet.
301 1449 486 1508 quocumque
500 1433 543 1488 ire
556 1431 662 1507 placet,
677 1430 757 1488 ferro
770 1430 828 1488 iter
841 1431 975 1508 aperiun-

20 1596 23 1602 Δ
101 1527 197 1586 edum
218 1532 270 1586 est.
314 1546 374 1604 quu
393 1535 514 1604 propter
534 1547 587 1585 vos
608 1545 712 1601 moneo
732 1527 779 1584 uti
795 1526 866 1585 forti
885 1533 975 1604 etque

126 1628 231 1704 pereto
244 1623 344 1683 animo
357 1625 423 1681 sitis
437 1631 476 1695 et,
492 1642 559 1680 cum
574 1623 719 1699 proelium
738 1624 862 1696 inibitis,
877 1626 976 1682 memi-

20 1800 23 1805 ,
126 1721 233 1782 neritis
247 1739 299 1779 vos
314 1721 435 1778 divitias
449 1720 538 1778 decus
551 1720 684 1795 gloriam,
696 1727 849 1797 praeterea
859 1721 976 1779 liberte-
990 1747 1014 1784 ις

102 1826 189 1886 utem
209 1827 300 1898 utque
320 1818 447 1897 putrium
468 1820 501 1877 in
521 1819 637 1877 dextris
654 1820 764 1876 vostris
782 1808 908 1895 portare.
951 1821 977 1878 si

127 1918 283 1991 vincimus,
315 1919 415 1976 omnia
448 1919 534 1976 nobis
568 1927 636 1975 tuto
669 1924 767 1990 erunt,
796 1924 977 1976 commestus

127 2017 253 2087 abunde,
282 2017 445 2094 municipio
472 2022 563 2093 etque
593 2016 725 2074 coloniae
756 2017 920 2093 patebunt:
951 2018 978 2073 si

94 2121 210 2173 sometu
235 2114 416 2186 cesserimus,
437 2113 540 2171 eedem
561 2113 613 2170 illa
633 2112 759 2170 advorsa
779 2112 860 2183 fient,
881 2131 978 2189 neque

129 2211 211 2271 locus
224 2229 320 2288 neque
334 2211 447 2268 amicus
461 2210 617 2288 quisquam
631 2214 714 2285 teget
727 2227 815 2285 quem
825 2228 908 2266 erma
918 2228 979 2268 non
992 2241 1017 2268 ω

93 2340 116 2369 n
129 2309 266 2368 texerint
311 2315 473 2385 praetereo,
495 2308 614 2378 milites,
636 2327 696 2366 non
717 2307 820 2365 eedem
841 2307 926 2366 nobis
947 2315 980 2366 et

130 2407 190 2464 illis
205 2405 389 2463 necessitudo
403 2404 568 2480 impendet:
587 2423 641 2462 nos
654 2423 708 2480 pro
722 2404 821 2480 putris
830 2422 883 2480 pro
894 2403 981 2462 liber·

131 2509 193 2561 tate
220 2521 274 2579 pro
302 2501 366 2559 vite
393 2507 548 2573 certemus,
573 2500 633 2558 illis
658 2519 910 2576 supervacaneum
934 2510 981 2559 est

96 2628 119 2656 n
131 2621 185 2679 pro
219 2601 354 2678 potentie
380 2619 542 2677 paucorum
570 2617 709 2675 pugnare.
752 2617 810 2674 quc
837 2598 981 2656 audacius

96 2697 347 2776 13udgrediemini
375 2716 518 2756 memores
547 2687 692 2774 pristinae
721 2696 851 2754 virtutis
895 2696 983 2754 licuit
994 2722 1020 2759 2⁵

182 2816 197 2866 Ἰ
229 2812 398 2874 nequiuerem
416 2814 439 2862 is
456 2813 582 2862 corrected
596 2815 651 2861 into
670 2809 832 2873 nequiuerim
850 2812 874 2860 P
902 2809 907 2877 Ι
929 2825 982 2873 qno

133 2897 191 2947 looo
202 2895 274 2946 Por
282 2909 334 2957 quo
344 2894 373 2943 in
389 2893 447 2943 loco
459 2895 481 2945 0

187 2978 219 3024 18
251 2974 480 3036 sinKm'tstWirz)

185 3058 215 3105 19
248 3054 315 3116 oster
331 3053 395 3103 flent
411 3068 425 3102 ι
443 3051 582 3115 decoquis
598 3051 665 3101 bello
681 3051 785 3115 incepto
796 3066 846 3114 pax
862 3051 891 3100 in
902 3067 982 3103 manu

136 3135 242 3186 uictoris
251 3139 355 3185 constet
364 3136 417 3185 ond
427 3137 489 3185 omit
499 3149 583 3197 neque
593 3134 665 3184 locus

185 3216 218 3264 20
250 3215 314 3276 tegit
327 3215 350 3264 V
362 3215 529 3276 (Schec‘ndler)

185 3296 218 3344 ul
250 3308 365 3358 pugnero
375 3309 422 3357 pso
432 3295 550 3357 potentis
560 3309 702 3357 paucorum
714 3295 762 3343 GV

186 3376 218 3424 25
251 3373 437 3437 sdgredismini
459 3375 505 3423 Po
526 3373 697 3436 sdgredimini
717 3374 763 3423 GV
780 3373 865 3439 (Wrz)
