2198 3720
120 234 158 272 a.
176 217 223 288 22,
240 214 291 295 aa]
318 217 495 276 2222222
520 190 763 276 curialiter.
929 213 964 270 22

116 365 195 424 foret
207 387 215 440 3
236 373 384 443 postremo
398 367 523 425 ferocius
536 366 649 444 agitare
663 385 753 443 quam
766 365 872 424 solitus
892 349 965 422 erat

116 468 148 519 at
162 430 459 569 Fulviabnsolentiae
474 462 546 522 (iuri
567 451 655 521 causa
675 437 873 617 cognitaltale
892 461 989 538 peri-4

116 560 216 618 culum
232 560 276 618 rei
296 560 431 637 publicae
447 560 527 617 haud
541 560 690 619 occultum
703 560 795 622 habui
810 605 818 632 ‚
834 558 886 617 sed
901 559 967 615 sub-

115 658 176 715 lato
195 665 316 716 auctore
330 658 367 716 de
382 658 528 715 Catilinae
542 657 745 715 coniuratione
760 676 835 734 quae
849 675 966 733 quoque

93 755 201 817 sinodo
229 755 364 812 audierat
391 754 583 830 conpluribus
610 755 753 814 narravit.
797 774 832 812 ea
859 773 905 811 222
933 755 989 815 ins
1050 830 1052 834 p

115 852 219 928 primis
241 852 342 910 studia
365 852 520 909 hominum
549 851 685 908 accendit
712 850 750 908 ad
780 852 965 910 consulatum

115 949 316 1007 mandandum
340 948 382 1006 M.
410 947 508 1006 Tullio
536 946 677 1006 Ciceroni
722 966 849 1024 namque
877 953 990 1007 anteat

114 1048 254 1123 pleraque
266 1045 407 1104 nobilitas
421 1045 535 1103 invidia
555 1045 711 1103 aestuabat
724 1051 755 1102 et
769 1047 853 1122 quasi
872 1030 966 1122 pollui

115 1144 300 1202 consulatum
328 1142 494 1216 credebant,
519 1143 544 1198 si
572 1160 639 1198 eum
668 1142 803 1219 quamvis
831 1142 965 1219 egregius

82 1241 201 1298 1oh0mo
220 1261 312 1300 novos
333 1241 459 1318 adeptus
472 1240 557 1298 foret.
602 1240 653 1299 sad
668 1241 718 1299 ubi
733 1241 897 1317 periculum
914 1240 965 1298 ad-

114 1340 204 1412 venit,
233 1339 348 1397 invidia
370 1346 459 1416 atque
480 1325 618 1414 superbia
637 1343 709 1414 *post
732 1338 823 1396 fuere.
871 1331 965 1421 igitur
977 1335 1022 1406 24

114 1438 241 1496 comitiis
254 1439 364 1496 habitis
386 1438 520 1496 consules
540 1437 730 1494 declarantur
744 1435 786 1494 M.
803 1436 920 1494 Tullius
934 1442 965 1494 et

115 1537 144 1597 Ο.
163 1538 324 1608 Δ2122222,
340 1537 418 1614 quod
432 1536 549 1601 iactum¹
558 1537 655 1614 primo
668 1504 820 1613 popularib
831 1535 964 1593 coniura-
977 1557 989 1584 2

114 1636 210 1719 tionis·
228 1641 422 1696 concusserat.
470 1647 566 1713 neque
587 1641 689 1693 tamen
712 1634 859 1694 Catilinae
882 1633 965 1690 furor

80 1755 102 1792 1⁵
114 1733 312 1805 minuebatur,
337 1732 388 1790 sed
411 1733 443 1789 in
465 1733 528 1790 dies
551 1732 639 1809 plura
660 1731 785 1808 agitare,
808 1750 891 1787 arma
911 1749 965 1807 per

114 1829 234 1887 Italiam
247 1830 320 1888 locis
333 1829 508 1906 opportunis
524 1848 638 1905 parare,
659 1828 815 1905 pecuniam
837 1845 891 1885 sna
911 1833 965 1886 aut

113 1926 273 1984 amicorum
288 1926 347 1983 fide
357 1931 507 2002 sumptam
522 1931 658 1983 mutuam
671 1924 813 1982 Faesulas
827 1925 865 1983 ad
880 1925 965 1983 Man·
1014 1931 1018 1939 '
1066 1915 1070 1922 ’

114 2024 186 2081 lium
209 2025 357 2101 quendam
379 2031 507 2102 portare,
536 2023 589 2101 qui
614 2029 717 2100 postea
743 2023 880 2100 princeps
904 2023 970 2081 fuit·

113 2120 184 2177 belli
205 2120 347 2182 faciundi.
390 2140 426 2178 ea
448 2125 626 2198 tempestate
652 2119 796 2197 plurimos
822 2121 989 2198 cuiusquer

79 2251 104 2277 20
114 2220 229 2296 generis
254 2219 389 2278 hominos
416 2219 576 2277 adscivisse
604 2219 661 2276 sibi
685 2218 803 2290 dicitur,
826 2219 964 2276 mulieres

112 2317 200 2374 etiam
222 2318 337 2396 aliquot
353 2316 533 2393 inpudicae·
562 2333 617 2392 per
636 2335 686 2373 eas
706 2335 737 2374 22
758 2315 889 2373 Catilina
907 2335 989 2377 cre-⁴

113 2415 202 2471 debat
214 2433 298 2490 posse
312 2413 435 2471 servitia
448 2412 563 2469 urbana
573 2397 740 2484 sollicitare,
749 2412 854 2470 urbem
867 2413 964 2471 incen-

113 2513 190 2584 dere,
205 2512 286 2570 viros
299 2530 402 2569 aarum
416 2511 464 2567 vel
478 2511 637 2586 adiungere
652 2511 709 2568 sibi
727 2510 775 2568 vel
788 2507 961 2573 interficere.

113 2608 163 2666 sed
177 2610 210 2666 in
224 2609 266 2666 eis
280 2613 346 2666 crat
360 2607 541 2684 Sempronia,
557 2626 632 2684 quae
650 2607 747 2665 multa
767 2627 854 2684 saepe
867 2608 964 2667 virilis
978 2600 1020 2667 25

80 2738 102 2772 25
113 2706 251 2765 audaciae
265 2705 397 2764 facinora
411 2706 596 2764 conmiserat.
639 2706 711 2763 haec
728 2706 837 2764 mulier
856 2726 963 2783 genere
978 2736 988 2759 2

55 2875 58 2880 ι
112 2809 201 2882 atque
215 2803 320 2877 forma,
335 2809 489 2879 praeterea
508 2777 710 2926 virosliberid1
722 2803 794 2860 satis
809 2804 964 2862 fortunata

625 2878 631 2953 1

161 2993 318 3042 1122222222
344 2992 442 3054 agitare
464 2994 510 3043 Po
530 2992 638 3054 (agitare
657 2992 768 3042 ferocius
796 2997 825 3043 in
844 2996 964 3046 Jordaa’s

114 3082 165 3125 tert
176 3077 199 3125 dt
210 3091 228 3124 a
238 3077 365 3140 misprint)

160 3157 176 3204 4
210 3169 309 3217 quoque
331 3155 408 3204 modo
437 3170 465 3205 or
491 3159 516 3205 et
542 3155 670 3218 quomodo
691 3157 712 3206 0
733 3146 790 3219 ‘quo
823 3156 900 3206 modo
918 3161 967 3210 Po

114 3251 215 3298 quoquo
226 3235 303 3284 modo
314 3251 328 3284 a
341 3233 506 3301 (Nipperdey)

161 3318 193 3368 26
225 3319 324 3368 Jordan
340 3320 472 3367 attributes
488 3318 545 3369 uiro
555 3318 643 3368 liberis
656 3326 680 3367 to
696 3321 724 3380 0,
743 3321 785 3368 bat
801 3322 823 3368 t't
840 3321 962 3370 1212211-
1034 3372 1038 3377 ,

109 3404 152 3464 sut
171 3400 280 3450 2212211222·
298 3402 376 3462 atquo
392 3401 414 3447 12
435 3401 539 3450 omitted
561 3402 592 3467 122
612 3389 663 3466 unp
685 3401 711 3464 21
727 3401 813 3457 tbatex
827 3400 933 3456 21222212
951 3402 987 3441 'aa
1032 3463 1037 3469 ἱ
