<?xml version="1.0" encoding="UTF-8"?>
<!DOCTYPE html PUBLIC "-//W3C//DTD XHTML 1.0 Transitional//EN"
    "http://www.w3.org/TR/xhtml1/DTD/xhtml1-transitional.dtd">
<html xmlns="http://www.w3.org/1999/xhtml" xml:lang="en" lang="en">
 <head>
  <title>
</title>
<meta http-equiv="Content-Type" content="text/html;charset=utf-8" />
  <meta name='ocr-system' content='tesseract 3.04.00' />
  <meta name='ocr-capabilities' content='ocr_page ocr_carea ocr_par ocr_line ocrx_word'/>
</head>
<body>
  <div class='ocr_page' id='page_1' title='image "./csallusticrispi02sallgoog_0114.png"; bbox 0 0 2198 3720; ppageno 0'>
   <div class='ocr_carea' id='block_1_1' title="bbox 134 220 979 302">
    <p class='ocr_par' dir='ltr' id='par_1_1' title="bbox 134 220 979 302">
     <span class='ocr_line' id='line_1_1' title="bbox 134 220 979 302; baseline -0.001 -24"><span class='ocrx_word' id='word_1_1' title='bbox 134 222 222 302; x_wconf 73' lang='lat' dir='ltr'>ebt]</span> <span class='ocrx_word' id='word_1_2' title='bbox 296 272 299 278; x_wconf 90' lang='lat'><em>.</em></span> <span class='ocrx_word' id='word_1_3' title='bbox 335 220 511 280; x_wconf 77' lang='lat' dir='ltr'><em>BELLVM</em></span> <span class='ocrx_word' id='word_1_4' title='bbox 535 220 774 279; x_wconf 69' lang='lat' dir='ltr'><em>CATILINAE.</em></span> <span class='ocrx_word' id='word_1_5' title='bbox 942 221 979 277; x_wconf 78' lang='lat'>59</span> 
     </span>
    </p>
   </div>
   <div class='ocr_carea' id='block_1_2' title="bbox 93 367 1095 2982">
    <p class='ocr_par' dir='ltr' id='par_1_2' title="bbox 93 367 1095 2298">
     <span class='ocr_line' id='line_1_2' title="bbox 133 367 982 445; baseline -0.001 -20"><span class='ocrx_word' id='word_1_6' title='bbox 133 368 305 427; x_wconf 86' lang='lat' dir='ltr'>vobiscum</span> <span class='ocrx_word' id='word_1_7' title='bbox 327 387 443 426; x_wconf 85' lang='lat' dir='ltr'>summe</span> <span class='ocrx_word' id='word_1_8' title='bbox 463 367 652 445; x_wconf 75' lang='lat' dir='ltr'>turpitudine</span> <span class='ocrx_word' id='word_1_9' title='bbox 675 368 709 426; x_wconf 89' lang='lat' dir='ltr'>in</span> <span class='ocrx_word' id='word_1_10' title='bbox 735 369 825 426; x_wconf 90' lang='lat' dir='ltr'>exilio</span> <span class='ocrx_word' id='word_1_11' title='bbox 853 372 982 425; x_wconf 84' lang='lat' dir='ltr'>aetatem</span> 
     </span>
     <span class='ocr_line' id='line_1_3' title="bbox 132 464 982 543; baseline 0 -21"><span class='ocrx_word' id='word_1_12' title='bbox 132 485 225 541; x_wconf 84' lang='lat' dir='ltr'>agere,</span> <span class='ocrx_word' id='word_1_13' title='bbox 251 465 391 543; x_wconf 88' lang='lat' dir='ltr'>potuistis</span> <span class='ocrx_word' id='word_1_14' title='bbox 419 483 480 522; x_wconf 92' lang='lat' dir='ltr'>non</span> <span class='ocrx_word' id='word_1_15' title='bbox 506 464 583 522; x_wconf 90' lang='lat' dir='ltr'>nulli</span> <span class='ocrx_word' id='word_1_16' title='bbox 612 464 726 522; x_wconf 84' lang='lat' dir='ltr'>Romae</span> <span class='ocrx_word' id='word_1_17' title='bbox 754 464 870 522; x_wconf 87' lang='lat' dir='ltr'>emissis</span> <span class='ocrx_word' id='word_1_18' title='bbox 896 464 982 522; x_wconf 86' lang='lat' dir='ltr'>bonis</span> 
     </span>
     <span class='ocr_line' id='line_1_4' title="bbox 132 562 1095 641; baseline -0.002 -20"><span class='ocrx_word' id='word_1_19' title='bbox 132 564 243 622; x_wconf 84' lang='lat' dir='ltr'>alienas</span> <span class='ocrx_word' id='word_1_20' title='bbox 257 583 326 641; x_wconf 89' lang='lat' dir='ltr'>opes</span> <span class='ocrx_word' id='word_1_21' title='bbox 340 569 514 640; x_wconf 84' lang='lat' dir='ltr'>expectare:</span> <span class='ocrx_word' id='word_1_22' title='bbox 534 564 605 640; x_wconf 89' lang='lat' dir='ltr'>quie</span> <span class='ocrx_word' id='word_1_23' title='bbox 617 564 670 621; x_wconf 90' lang='lat' dir='ltr'>illa</span> <span class='ocrx_word' id='word_1_24' title='bbox 680 562 768 621; x_wconf 80' lang='lat' dir='ltr'>foeda</span> <span class='ocrx_word' id='word_1_25' title='bbox 778 566 868 639; x_wconf 85' lang='lat' dir='ltr'>atque</span> <span class='ocrx_word' id='word_1_26' title='bbox 879 562 982 619; x_wconf 89' lang='lat' dir='ltr'>intole-</span> <span class='ocrx_word' id='word_1_27' title='bbox 996 583 1020 620; x_wconf 87' lang='lat'>14</span> <span class='ocrx_word' id='word_1_28' title='bbox 1093 614 1095 619; x_wconf 81' lang='grc'>,</span> 
     </span>
     <span class='ocr_line' id='line_1_5' title="bbox 131 658 1019 737; baseline -0.001 -19"><span class='ocrx_word' id='word_1_29' title='bbox 131 661 226 719; x_wconf 83' lang='lat' dir='ltr'>rende</span> <span class='ocrx_word' id='word_1_30' title='bbox 244 663 318 719; x_wconf 86' lang='lat' dir='ltr'>viris</span> <span class='ocrx_word' id='word_1_31' title='bbox 337 661 525 732; x_wconf 88' lang='lat' dir='ltr'>videbantur,</span> <span class='ocrx_word' id='word_1_32' title='bbox 540 659 613 718; x_wconf 85' lang='lat' dir='ltr'>haee</span> <span class='ocrx_word' id='word_1_33' title='bbox 631 660 716 737; x_wconf 89' lang='lat' dir='ltr'>sequi</span> <span class='ocrx_word' id='word_1_34' title='bbox 733 658 913 718; x_wconf 75' lang='lat' dir='ltr'><strong>decrevistis.</strong></span> <span class='ocrx_word' id='word_1_35' title='bbox 956 659 982 714; x_wconf 90' lang='lat' dir='ltr'>si</span> <span class='ocrx_word' id='word_1_36' title='bbox 997 680 1019 717; x_wconf 80' lang='lat'>1⁵</span> 
     </span>
     <span class='ocr_line' id='line_1_6' title="bbox 107 757 982 836; baseline -0.003 -21"><span class='ocrx_word' id='word_1_37' title='bbox 107 759 203 818; x_wconf 79' lang='lat' dir='ltr'>shaeo</span> <span class='ocrx_word' id='word_1_38' title='bbox 217 760 382 836; x_wconf 79' lang='lat' dir='ltr'>relinquere</span> <span class='ocrx_word' id='word_1_39' title='bbox 397 759 495 829; x_wconf 85' lang='lat' dir='ltr'>voltis,</span> <span class='ocrx_word' id='word_1_40' title='bbox 511 758 634 815; x_wconf 87' lang='lat' dir='ltr'>audacia</span> <span class='ocrx_word' id='word_1_41' title='bbox 649 777 722 834; x_wconf 89' lang='lat' dir='ltr'>opus</span> <span class='ocrx_word' id='word_1_42' title='bbox 737 761 801 815; x_wconf 91' lang='lat' dir='ltr'>est:</span> <span class='ocrx_word' id='word_1_43' title='bbox 822 775 909 814; x_wconf 88' lang='lat' dir='ltr'>nemo</span> <span class='ocrx_word' id='word_1_44' title='bbox 923 757 982 813; x_wconf 89' lang='lat' dir='ltr'>nisi</span> 
     </span>
     <span class='ocr_line' id='line_1_7' title="bbox 131 854 1019 936; baseline -0.005 -22"><span class='ocrx_word' id='word_1_45' title='bbox 131 858 227 917; x_wconf 84' lang='lat' dir='ltr'>vietor</span> <span class='ocrx_word' id='word_1_46' title='bbox 239 878 311 936; x_wconf 87' lang='lat' dir='ltr'>pace</span> <span class='ocrx_word' id='word_1_47' title='bbox 325 859 436 916; x_wconf 85' lang='lat' dir='ltr'>bellum</span> <span class='ocrx_word' id='word_1_48' title='bbox 449 857 588 915; x_wconf 81' lang='lat' dir='ltr'>mutavit.</span> <span class='ocrx_word' id='word_1_49' title='bbox 631 876 700 914; x_wconf 87' lang='lat' dir='ltr'>nem</span> <span class='ocrx_word' id='word_1_50' title='bbox 715 857 748 913; x_wconf 90' lang='lat' dir='ltr'>in</span> <span class='ocrx_word' id='word_1_51' title='bbox 765 855 838 931; x_wconf 85' lang='lat' dir='ltr'>fuga</span> <span class='ocrx_word' id='word_1_52' title='bbox 854 854 981 913; x_wconf 89' lang='lat' dir='ltr'>salutem</span> <span class='ocrx_word' id='word_1_53' title='bbox 997 871 1019 909; x_wconf 87' lang='lat'>16</span> 
     </span>
     <span class='ocr_line' id='line_1_8' title="bbox 131 939 980 1033; baseline -0.004 -20"><span class='ocrx_word' id='word_1_54' title='bbox 131 976 257 1033; x_wconf 85' lang='lat' dir='ltr'>sperare,</span> <span class='ocrx_word' id='word_1_55' title='bbox 272 977 339 1014; x_wconf 90' lang='lat' dir='ltr'>cum</span> <span class='ocrx_word' id='word_1_56' title='bbox 353 975 444 1028; x_wconf 84' lang='lat' dir='ltr'>arme,</span> <span class='ocrx_word' id='word_1_57' title='bbox 459 955 567 1032; x_wconf 86' lang='lat' dir='ltr'>quibus</span> <span class='ocrx_word' id='word_1_58' title='bbox 581 973 687 1030; x_wconf 83' lang='lat' dir='ltr'>corpus</span> <span class='ocrx_word' id='word_1_59' title='bbox 700 939 822 1030; x_wconf 83' lang='lat' dir='ltr'>tegitur,</span> <span class='ocrx_word' id='word_1_60' title='bbox 837 953 875 1010; x_wconf 90' lang='lat' dir='ltr'>ab</span> <span class='ocrx_word' id='word_1_61' title='bbox 888 952 980 1011; x_wconf 90' lang='lat' dir='ltr'>hosti-</span> 
     </span>
     <span class='ocr_line' id='line_1_9' title="bbox 130 1050 1018 1127; baseline -0.005 -17"><span class='ocrx_word' id='word_1_62' title='bbox 130 1054 186 1112; x_wconf 85' lang='lat' dir='ltr'>bus</span> <span class='ocrx_word' id='word_1_63' title='bbox 209 1053 363 1123; x_wconf 87' lang='lat' dir='ltr'>avorteris‚</span> <span class='ocrx_word' id='word_1_64' title='bbox 388 1071 423 1110; x_wconf 88' lang='lat' dir='ltr'>ea</span> <span class='ocrx_word' id='word_1_65' title='bbox 446 1071 516 1109; x_wconf 90' lang='lat' dir='ltr'>vero</span> <span class='ocrx_word' id='word_1_66' title='bbox 543 1050 694 1109; x_wconf 87' lang='lat' dir='ltr'>dementia</span> <span class='ocrx_word' id='word_1_67' title='bbox 716 1058 767 1108; x_wconf 85' lang='lat' dir='ltr'>est</span> <span class='ocrx_word' id='word_1_68' title='bbox 812 1069 927 1127; x_wconf 84' lang='lat' dir='ltr'>semper</span> <span class='ocrx_word' id='word_1_69' title='bbox 948 1053 981 1109; x_wconf 86' lang='lat' dir='ltr'>in</span> <span class='ocrx_word' id='word_1_70' title='bbox 997 1080 1018 1117; x_wconf 83' lang='lat'>17</span> 
     </span>
     <span class='ocr_line' id='line_1_10' title="bbox 130 1147 981 1226; baseline -0.001 -19"><span class='ocrx_word' id='word_1_71' title='bbox 130 1150 241 1226; x_wconf 92' lang='lat' dir='ltr'>proelio</span> <span class='ocrx_word' id='word_1_72' title='bbox 262 1149 304 1206; x_wconf 86' lang='lat' dir='ltr'>eis</span> <span class='ocrx_word' id='word_1_73' title='bbox 325 1168 498 1206; x_wconf 89' lang='lat' dir='ltr'>maxumum</span> <span class='ocrx_word' id='word_1_74' title='bbox 519 1152 567 1205; x_wconf 90' lang='lat' dir='ltr'>est</span> <span class='ocrx_word' id='word_1_75' title='bbox 586 1147 760 1224; x_wconf 89' lang='lat' dir='ltr'>periculum,</span> <span class='ocrx_word' id='word_1_76' title='bbox 775 1147 828 1224; x_wconf 85' lang='lat' dir='ltr'>qui</span> <span class='ocrx_word' id='word_1_77' title='bbox 841 1167 981 1206; x_wconf 80' lang='lat' dir='ltr'>maxume</span> 
     </span>
     <span class='ocr_line' id='line_1_11' title="bbox 97 1246 1018 1324; baseline -0.007 -20"><span class='ocrx_word' id='word_1_78' title='bbox 97 1249 246 1319; x_wconf 71' lang='lat' dir='ltr'>meinent,</span> <span class='ocrx_word' id='word_1_79' title='bbox 262 1247 384 1305; x_wconf 80' lang='lat' dir='ltr'>audacie</span> <span class='ocrx_word' id='word_1_80' title='bbox 404 1266 457 1324; x_wconf 90' lang='lat' dir='ltr'>pro</span> <span class='ocrx_word' id='word_1_81' title='bbox 477 1266 563 1304; x_wconf 92' lang='lat' dir='ltr'>muro</span> <span class='ocrx_word' id='word_1_82' title='bbox 583 1246 717 1304; x_wconf 89' lang='lat' dir='ltr'>habetur.</span> <span class='ocrx_word' id='word_1_83' title='bbox 762 1264 830 1303; x_wconf 87' lang='lat' dir='ltr'>oum</span> <span class='ocrx_word' id='word_1_84' title='bbox 848 1264 901 1304; x_wconf 89' lang='lat' dir='ltr'>vos</span> <span class='ocrx_word' id='word_1_85' title='bbox 915 1265 981 1304; x_wconf 88' lang='lat' dir='ltr'>con·</span> <span class='ocrx_word' id='word_1_86' title='bbox 996 1261 1018 1298; x_wconf 89' lang='lat'>18</span> 
     </span>
     <span class='ocr_line' id='line_1_12' title="bbox 130 1343 981 1418; baseline -0.006 -15"><span class='ocrx_word' id='word_1_87' title='bbox 130 1345 235 1418; x_wconf 85' lang='lat' dir='ltr'>sidero,</span> <span class='ocrx_word' id='word_1_88' title='bbox 250 1344 370 1416; x_wconf 89' lang='lat' dir='ltr'>milites,</span> <span class='ocrx_word' id='word_1_89' title='bbox 386 1349 417 1401; x_wconf 89' lang='lat' dir='ltr'>et</span> <span class='ocrx_word' id='word_1_90' title='bbox 431 1363 498 1401; x_wconf 88' lang='lat' dir='ltr'>cum</span> <span class='ocrx_word' id='word_1_91' title='bbox 512 1343 593 1400; x_wconf 80' lang='lat' dir='ltr'>fecta</span> <span class='ocrx_word' id='word_1_92' title='bbox 607 1348 709 1400; x_wconf 85' lang='lat' dir='ltr'>vostre</span> <span class='ocrx_word' id='word_1_93' title='bbox 719 1347 862 1414; x_wconf 89' lang='lat' dir='ltr'>aestumo,</span> <span class='ocrx_word' id='word_1_94' title='bbox 872 1361 981 1418; x_wconf 85' lang='lat' dir='ltr'>magna</span> 
     </span>
     <span class='ocr_line' id='line_1_13' title="bbox 131 1425 1018 1520; baseline -0.005 -21"><span class='ocrx_word' id='word_1_95' title='bbox 131 1463 177 1500; x_wconf 90' lang='lat' dir='ltr'>me</span> <span class='ocrx_word' id='word_1_96' title='bbox 191 1461 257 1520; x_wconf 84' lang='lat' dir='ltr'>spes</span> <span class='ocrx_word' id='word_1_97' title='bbox 272 1441 414 1499; x_wconf 85' lang='lat' dir='ltr'>victoriae</span> <span class='ocrx_word' id='word_1_98' title='bbox 428 1445 517 1499; x_wconf 87' lang='lat' dir='ltr'>tenet.</span> <span class='ocrx_word' id='word_1_99' title='bbox 550 1425 668 1497; x_wconf 83' lang='lat' dir='ltr'>enimus</span> <span class='ocrx_word' id='word_1_100' title='bbox 682 1445 763 1507; x_wconf 80' lang='lat' dir='ltr'>aetas</span> <span class='ocrx_word' id='word_1_101' title='bbox 774 1439 871 1496; x_wconf 84' lang='lat' dir='ltr'>virtus</span> <span class='ocrx_word' id='word_1_102' title='bbox 879 1445 981 1496; x_wconf 85' lang='lat' dir='ltr'>vostra</span> <span class='ocrx_word' id='word_1_103' title='bbox 995 1466 1018 1504; x_wconf 85' lang='lat'>19</span> 
     </span>
     <span class='ocr_line' id='line_1_14' title="bbox 131 1537 980 1616; baseline -0.004 -18"><span class='ocrx_word' id='word_1_104' title='bbox 131 1560 177 1599; x_wconf 90' lang='lat' dir='ltr'>me</span> <span class='ocrx_word' id='word_1_105' title='bbox 199 1541 366 1610; x_wconf 87' lang='lat' dir='ltr'>hortantur,</span> <span class='ocrx_word' id='word_1_106' title='bbox 392 1545 546 1616; x_wconf 88' lang='lat' dir='ltr'>praeterea</span> <span class='ocrx_word' id='word_1_107' title='bbox 566 1537 761 1612; x_wconf 81' lang='lat' dir='ltr'>necessitudo,</span> <span class='ocrx_word' id='word_1_108' title='bbox 787 1555 862 1615; x_wconf 84' lang='lat' dir='ltr'>quae</span> <span class='ocrx_word' id='word_1_109' title='bbox 874 1576 877 1580; x_wconf 88' lang='lat'><em>-</em></span> <span class='ocrx_word' id='word_1_110' title='bbox 890 1538 980 1595; x_wconf 88' lang='lat' dir='ltr'>etiam</span> 
     </span>
     <span class='ocr_line' id='line_1_15' title="bbox 130 1633 1018 1699; baseline -0.003 -6"><span class='ocrx_word' id='word_1_111' title='bbox 130 1636 250 1694; x_wconf 90' lang='lat' dir='ltr'>timidos</span> <span class='ocrx_word' id='word_1_112' title='bbox 274 1637 361 1695; x_wconf 79' lang='lat' dir='ltr'>fortis</span> <span class='ocrx_word' id='word_1_113' title='bbox 385 1636 464 1694; x_wconf 86' lang='lat' dir='ltr'>fecit.</span> <span class='ocrx_word' id='word_1_114' title='bbox 508 1645 578 1693; x_wconf 85' lang='lat' dir='ltr'>nem</span> <span class='ocrx_word' id='word_1_115' title='bbox 601 1634 765 1692; x_wconf 91' lang='lat' dir='ltr'>multitudo</span> <span class='ocrx_word' id='word_1_116' title='bbox 788 1633 917 1692; x_wconf 88' lang='lat' dir='ltr'>hostium</span> <span class='ocrx_word' id='word_1_117' title='bbox 942 1653 980 1692; x_wconf 90' lang='lat' dir='ltr'>ne</span> <span class='ocrx_word' id='word_1_118' title='bbox 993 1663 1018 1699; x_wconf 74' lang='lat'>20</span> 
     </span>
     <span class='ocr_line' id='line_1_16' title="bbox 97 1730 1094 1809; baseline -0.001 -18"><span class='ocrx_word' id='word_1_119' title='bbox 97 1754 118 1791; x_wconf 72' lang='grc' dir='ltr'>ιε</span> <span class='ocrx_word' id='word_1_120' title='bbox 131 1732 344 1791; x_wconf 86' lang='lat' dir='ltr'>circumvenire</span> <span class='ocrx_word' id='word_1_121' title='bbox 358 1738 456 1809; x_wconf 87' lang='lat' dir='ltr'>queat,</span> <span class='ocrx_word' id='word_1_122' title='bbox 465 1731 624 1809; x_wconf 77' lang='lat' dir='ltr'>prohibent</span> <span class='ocrx_word' id='word_1_123' title='bbox 637 1730 866 1808; x_wconf 84' lang='lat' dir='ltr'>angustieelo&#39;ei.</span> <span class='ocrx_word' id='word_1_124' title='bbox 891 1730 980 1807; x_wconf 90' lang='lat' dir='ltr'>quod·</span> <span class='ocrx_word' id='word_1_125' title='bbox 994 1765 1015 1790; x_wconf 84' lang='lat'>21</span> <span class='ocrx_word' id='word_1_126' title='bbox 1043 1785 1048 1793; x_wconf 83' lang='lat'>.</span> <span class='ocrx_word' id='word_1_127' title='bbox 1092 1773 1094 1776; x_wconf 53' lang='lat'>&lt;</span> 
     </span>
     <span class='ocr_line' id='line_1_17' title="bbox 130 1827 981 1899; baseline -0.002 -12"><span class='ocrx_word' id='word_1_128' title='bbox 130 1831 156 1887; x_wconf 87' lang='lat' dir='ltr'>si</span> <span class='ocrx_word' id='word_1_129' title='bbox 178 1829 286 1886; x_wconf 86' lang='lat' dir='ltr'>virtuti</span> <span class='ocrx_word' id='word_1_130' title='bbox 308 1837 426 1886; x_wconf 86' lang='lat' dir='ltr'>vostrae</span> <span class='ocrx_word' id='word_1_131' title='bbox 448 1828 570 1886; x_wconf 80' lang='lat' dir='ltr'>fortune</span> <span class='ocrx_word' id='word_1_132' title='bbox 591 1827 742 1899; x_wconf 87' lang='lat' dir='ltr'>inviderit,</span> <span class='ocrx_word' id='word_1_133' title='bbox 764 1832 866 1886; x_wconf 86' lang='lat' dir='ltr'>cavete</span> <span class='ocrx_word' id='word_1_134' title='bbox 889 1827 981 1885; x_wconf 88' lang='lat' dir='ltr'>inulti</span> 
     </span>
     <span class='ocr_line' id='line_1_18' title="bbox 131 1923 981 2002; baseline -0.004 -18"><span class='ocrx_word' id='word_1_135' title='bbox 131 1927 259 1984; x_wconf 84' lang='lat' dir='ltr'>animem</span> <span class='ocrx_word' id='word_1_136' title='bbox 282 1925 438 1996; x_wconf 87' lang='lat' dir='ltr'>amittetis,</span> <span class='ocrx_word' id='word_1_137' title='bbox 459 1945 519 1982; x_wconf 90' lang='lat' dir='ltr'>neu</span> <span class='ocrx_word' id='word_1_138' title='bbox 543 1925 624 2002; x_wconf 87' lang='lat' dir='ltr'>capti</span> <span class='ocrx_word' id='word_1_139' title='bbox 644 1925 744 2001; x_wconf 90' lang='lat' dir='ltr'>potius</span> <span class='ocrx_word' id='word_1_140' title='bbox 766 1923 856 1981; x_wconf 84' lang='lat' dir='ltr'>sicuti</span> <span class='ocrx_word' id='word_1_141' title='bbox 875 1943 981 2000; x_wconf 86' lang='lat' dir='ltr'>pecora</span> 
     </span>
     <span class='ocr_line' id='line_1_19' title="bbox 131 2021 979 2098; baseline -0.005 -17"><span class='ocrx_word' id='word_1_142' title='bbox 131 2021 322 2081; x_wconf 78' lang='lat' dir='ltr'>trucidemini</span> <span class='ocrx_word' id='word_1_143' title='bbox 335 2041 425 2098; x_wconf 91' lang='lat' dir='ltr'>quam</span> <span class='ocrx_word' id='word_1_144' title='bbox 439 2021 571 2089; x_wconf 85' lang='lat' dir='ltr'>virorum</span> <span class='ocrx_word' id='word_1_145' title='bbox 592 2039 674 2078; x_wconf 89' lang='lat' dir='ltr'>more</span> <span class='ocrx_word' id='word_1_146' title='bbox 692 2026 861 2098; x_wconf 77' lang='lat' dir='ltr'>pugnantes</span> <span class='ocrx_word' id='word_1_147' title='bbox 877 2039 979 2078; x_wconf 89' lang='lat' dir='ltr'>cruen-</span> 
     </span>
     <span class='ocr_line' id='line_1_20' title="bbox 131 2118 981 2197; baseline -0.006 -19"><span class='ocrx_word' id='word_1_148' title='bbox 131 2126 193 2178; x_wconf 83' lang='lat' dir='ltr'>tum</span> <span class='ocrx_word' id='word_1_149' title='bbox 227 2126 324 2197; x_wconf 86' lang='lat' dir='ltr'>atque</span> <span class='ocrx_word' id='word_1_150' title='bbox 351 2120 518 2177; x_wconf 84' lang='lat' dir='ltr'>luctuosam</span> <span class='ocrx_word' id='word_1_151' title='bbox 548 2119 705 2177; x_wconf 85' lang='lat' dir='ltr'>victoriam</span> <span class='ocrx_word' id='word_1_152' title='bbox 732 2118 868 2176; x_wconf 89' lang='lat' dir='ltr'>hostibus</span> <span class='ocrx_word' id='word_1_153' title='bbox 894 2118 981 2175; x_wconf 89' lang='lat' dir='ltr'>relin-</span> 
     </span>
     <span class='ocr_line' id='line_1_21' title="bbox 93 2220 252 2298; baseline 0.006 -20"><span class='ocrx_word' id='word_1_154' title='bbox 93 2247 118 2272; x_wconf 85' lang='lat'>20</span> <span class='ocrx_word' id='word_1_155' title='bbox 132 2220 252 2298; x_wconf 76' lang='lat' dir='ltr'>quatis&#39;.</span> 
     </span>
    </p>

    <p class='ocr_par' dir='ltr' id='par_1_3' title="bbox 132 2316 1038 2698">
     <span class='ocr_line' id='line_1_22' title="bbox 192 2316 1038 2394; baseline -0.006 -18"><span class='ocrx_word' id='word_1_156' title='bbox 192 2319 278 2376; x_wconf 90' lang='lat' dir='ltr'>Haec</span> <span class='ocrx_word' id='word_1_157' title='bbox 305 2319 358 2375; x_wconf 91' lang='lat' dir='ltr'>ubi</span> <span class='ocrx_word' id='word_1_158' title='bbox 385 2318 473 2390; x_wconf 86' lang='lat' dir='ltr'>dixit,</span> <span class='ocrx_word' id='word_1_159' title='bbox 501 2317 656 2394; x_wconf 86' lang='lat' dir='ltr'>paululum</span> <span class='ocrx_word' id='word_1_160' title='bbox 682 2323 870 2375; x_wconf 88' lang='lat' dir='ltr'>conmoratus</span> <span class='ocrx_word' id='word_1_161' title='bbox 897 2316 980 2393; x_wconf 84' lang='lat' dir='ltr'>signe</span> <span class='ocrx_word' id='word_1_162' title='bbox 994 2319 1038 2388; x_wconf 82' lang='grc'>59</span> 
     </span>
     <span class='ocr_line' id='line_1_23' title="bbox 132 2413 980 2492; baseline -0.005 -16"><span class='ocrx_word' id='word_1_163' title='bbox 132 2437 236 2476; x_wconf 85' lang='lat' dir='ltr'>canere</span> <span class='ocrx_word' id='word_1_164' title='bbox 259 2417 344 2475; x_wconf 88' lang='lat' dir='ltr'>iubet</span> <span class='ocrx_word' id='word_1_165' title='bbox 368 2422 457 2492; x_wconf 85' lang='lat' dir='ltr'>atque</span> <span class='ocrx_word' id='word_1_166' title='bbox 484 2415 646 2473; x_wconf 88' lang='lat' dir='ltr'>instructos</span> <span class='ocrx_word' id='word_1_167' title='bbox 674 2414 791 2472; x_wconf 85' lang='lat' dir='ltr'>ordines</span> <span class='ocrx_word' id='word_1_168' title='bbox 823 2413 856 2470; x_wconf 91' lang='lat' dir='ltr'>in</span> <span class='ocrx_word' id='word_1_169' title='bbox 883 2413 980 2472; x_wconf 90' lang='lat' dir='ltr'>locum</span> 
     </span>
     <span class='ocr_line' id='line_1_24' title="bbox 132 2512 981 2593; baseline -0.006 -19"><span class='ocrx_word' id='word_1_170' title='bbox 132 2535 255 2593; x_wconf 91' lang='lat' dir='ltr'>aequom</span> <span class='ocrx_word' id='word_1_171' title='bbox 274 2515 401 2573; x_wconf 84' lang='lat' dir='ltr'>deducit</span> <span class='ocrx_word' id='word_1_172' title='bbox 444 2514 514 2573; x_wconf 88' lang='lat' dir='ltr'>dein</span> <span class='ocrx_word' id='word_1_173' title='bbox 531 2514 653 2572; x_wconf 84' lang='lat' dir='ltr'>remotis</span> <span class='ocrx_word' id='word_1_174' title='bbox 667 2515 800 2571; x_wconf 87' lang='lat' dir='ltr'>omnium</span> <span class='ocrx_word' id='word_1_175' title='bbox 815 2512 906 2590; x_wconf 89' lang='lat' dir='ltr'>equis,</span> <span class='ocrx_word' id='word_1_176' title='bbox 923 2531 981 2588; x_wconf 89' lang='lat' dir='ltr'>quo</span> 
     </span>
     <span class='ocr_line' id='line_1_25' title="bbox 132 2611 978 2698; baseline -0.006 -27"><span class='ocrx_word' id='word_1_177' title='bbox 132 2614 278 2671; x_wconf 87' lang='lat' dir='ltr'>militibus</span> <span class='ocrx_word' id='word_1_178' title='bbox 300 2619 464 2690; x_wconf 85' lang='lat' dir='ltr'>exaequato</span> <span class='ocrx_word' id='word_1_179' title='bbox 477 2612 608 2689; x_wconf 90' lang='lat' dir='ltr'>periculo</span> <span class='ocrx_word' id='word_1_180' title='bbox 623 2611 741 2670; x_wconf 86' lang='lat' dir='ltr'>animus</span> <span class='ocrx_word' id='word_1_181' title='bbox 754 2611 879 2698; x_wconf 70' lang='lat' dir='ltr'>amplior</span> <span class='ocrx_word' id='word_1_182' title='bbox 892 2615 978 2683; x_wconf 90' lang='lat' dir='ltr'>esset,</span> 
     </span>
    </p>

    <p class='ocr_par' dir='ltr' id='par_1_4' title="bbox 94 2707 1005 2982">
     <span class='ocr_line' id='line_1_26' title="bbox 94 2707 979 2788; baseline -0.007 -20"><span class='ocrx_word' id='word_1_183' title='bbox 94 2736 119 2774; x_wconf 65' lang='grc' dir='ltr'>ες</span> <span class='ocrx_word' id='word_1_184' title='bbox 132 2710 193 2788; x_wconf 90' lang='lat' dir='ltr'>ipse</span> <span class='ocrx_word' id='word_1_185' title='bbox 207 2710 296 2787; x_wconf 86' lang='lat' dir='ltr'>pedes</span> <span class='ocrx_word' id='word_1_186' title='bbox 310 2710 473 2768; x_wconf 86' lang='lat' dir='ltr'>exercitum</span> <span class='ocrx_word' id='word_1_187' title='bbox 487 2729 541 2786; x_wconf 88' lang='lat' dir='ltr'>pro</span> <span class='ocrx_word' id='word_1_188' title='bbox 561 2710 625 2768; x_wconf 89' lang='lat' dir='ltr'>loeo</span> <span class='ocrx_word' id='word_1_189' title='bbox 639 2715 730 2784; x_wconf 86' lang='lat' dir='ltr'>atque</span> <span class='ocrx_word' id='word_1_190' title='bbox 744 2708 835 2784; x_wconf 87' lang='lat' dir='ltr'>copiis</span> <span class='ocrx_word' id='word_1_191' title='bbox 849 2707 979 2764; x_wconf 88' lang='lat' dir='ltr'>instruit.</span> 
     </span>
     <span class='ocr_line' id='line_1_27' title="bbox 131 2803 1005 2884; baseline -0.007 -22"><span class='ocrx_word' id='word_1_192' title='bbox 131 2825 200 2864; x_wconf 84' lang='lat' dir='ltr'>nam</span> <span class='ocrx_word' id='word_1_193' title='bbox 218 2807 266 2864; x_wconf 81' lang='lat' dir='ltr'>uti</span> <span class='ocrx_word' id='word_1_194' title='bbox 283 2805 422 2884; x_wconf 86' lang='lat' dir='ltr'>planities</span> <span class='ocrx_word' id='word_1_195' title='bbox 440 2811 505 2863; x_wconf 88' lang='lat' dir='ltr'>eret</span> <span class='ocrx_word' id='word_1_196' title='bbox 522 2805 603 2863; x_wconf 87' lang='lat' dir='ltr'>iuter</span> <span class='ocrx_word' id='word_1_197' title='bbox 615 2805 751 2863; x_wconf 89' lang='lat' dir='ltr'>sinistros</span> <span class='ocrx_word' id='word_1_198' title='bbox 763 2803 873 2861; x_wconf 91' lang='lat' dir='ltr'>montis</span> <span class='ocrx_word' id='word_1_199' title='bbox 891 2809 922 2860; x_wconf 92' lang='lat' dir='ltr'>et</span> <span class='ocrx_word' id='word_1_200' title='bbox 943 2804 1005 2861; x_wconf 81' lang='lat' dir='ltr'>ab2</span> 
     </span>
     <span class='ocr_line' id='line_1_28' title="bbox 133 2902 979 2982; baseline -0.006 -20"><span class='ocrx_word' id='word_1_201' title='bbox 133 2905 256 2963; x_wconf 85' lang='lat' dir='ltr'>dextera</span> <span class='ocrx_word' id='word_1_202' title='bbox 277 2924 351 2982; x_wconf 91' lang='lat' dir='ltr'>rupe</span> <span class='ocrx_word' id='word_1_203' title='bbox 375 2923 487 2981; x_wconf 85' lang='lat' dir='ltr'>aspera,</span> <span class='ocrx_word' id='word_1_204' title='bbox 507 2908 574 2962; x_wconf 90' lang='lat' dir='ltr'>octo</span> <span class='ocrx_word' id='word_1_205' title='bbox 593 2903 723 2961; x_wconf 86' lang='lat' dir='ltr'>cohortis</span> <span class='ocrx_word' id='word_1_206' title='bbox 745 2903 778 2959; x_wconf 92' lang='lat' dir='ltr'>in</span> <span class='ocrx_word' id='word_1_207' title='bbox 796 2902 894 2959; x_wconf 85' lang='lat' dir='ltr'>fronte</span> <span class='ocrx_word' id='word_1_208' title='bbox 913 2920 979 2959; x_wconf 89' lang='lat' dir='ltr'>con-</span> 
     </span>
    </p>
   </div>
   <div class='ocr_carea' id='block_1_3' title="bbox 182 3074 981 3228">
    <p class='ocr_par' dir='ltr' id='par_1_5' title="bbox 182 3074 981 3228">
     <span class='ocr_line' id='line_1_29' title="bbox 182 3074 930 3140; baseline -0.007 -14"><span class='ocrx_word' id='word_1_209' title='bbox 182 3080 196 3126; x_wconf 93' lang='lat' dir='ltr'>l</span> <span class='ocrx_word' id='word_1_210' title='bbox 229 3076 381 3140; x_wconf 81' lang='lat' dir='ltr'>uobispOV</span> <span class='ocrx_word' id='word_1_211' title='bbox 389 3074 521 3124; x_wconf 79' lang='lat' dir='ltr'>nobisPO</span> <span class='ocrx_word' id='word_1_212' title='bbox 925 3118 930 3126; x_wconf 80' lang='grc'>,</span> 
     </span>
     <span class='ocr_line' id='line_1_30' title="bbox 183 3155 981 3228; baseline -0.005 -21"><span class='ocrx_word' id='word_1_213' title='bbox 183 3161 213 3210; x_wconf 90' lang='grc'>16</span> <span class='ocrx_word' id='word_1_214' title='bbox 245 3158 342 3208; x_wconf 87' lang='lat' dir='ltr'>uirtute</span> <span class='ocrx_word' id='word_1_215' title='bbox 352 3161 375 3207; x_wconf 82' lang='lat' dir='ltr'>ie</span> <span class='ocrx_word' id='word_1_216' title='bbox 386 3158 511 3208; x_wconf 80' lang='lat' dir='ltr'>corrected</span> <span class='ocrx_word' id='word_1_217' title='bbox 531 3165 555 3207; x_wconf 89' lang='lat' dir='ltr'>to</span> <span class='ocrx_word' id='word_1_218' title='bbox 570 3157 664 3206; x_wconf 88' lang='lat' dir='ltr'>uirtuti</span> <span class='ocrx_word' id='word_1_219' title='bbox 673 3158 723 3205; x_wconf 89' lang='lat' dir='ltr'>PV</span> <span class='ocrx_word' id='word_1_220' title='bbox 733 3155 737 3221; x_wconf 87' lang='grc' dir='ltr'>Ι</span> <span class='ocrx_word' id='word_1_221' title='bbox 748 3157 837 3204; x_wconf 86' lang='lat' dir='ltr'>cauete</span> <span class='ocrx_word' id='word_1_222' title='bbox 847 3155 925 3228; x_wconf 80' lang='lat' dir='ltr'>inulti</span> <span class='ocrx_word' id='word_1_223' title='bbox 936 3156 981 3204; x_wconf 83' lang='lat' dir='ltr'>PG</span> 
     </span>
    </p>
   </div>
   <div class='ocr_carea' id='block_1_4' title="bbox 133 3239 985 3382">
    <p class='ocr_par' dir='ltr' id='par_1_6' title="bbox 133 3239 985 3382">
     <span class='ocr_line' id='line_1_31' title="bbox 133 3239 410 3291; baseline -0.011 -1"><span class='ocrx_word' id='word_1_224' title='bbox 133 3242 220 3291; x_wconf 86' lang='lat' dir='ltr'>cauete</span> <span class='ocrx_word' id='word_1_225' title='bbox 231 3254 265 3288; x_wconf 90' lang='lat' dir='ltr'>ne</span> <span class='ocrx_word' id='word_1_226' title='bbox 275 3239 353 3288; x_wconf 82' lang='lat' dir='ltr'>inulti</span> <span class='ocrx_word' id='word_1_227' title='bbox 365 3241 386 3289; x_wconf 79' lang='lat'><strong><em>0</em></strong></span> <span class='ocrx_word' id='word_1_228' title='bbox 390 3241 410 3287; x_wconf 94' lang='lat' dir='ltr'><em>V</em></span> 
     </span>
     <span class='ocr_line' id='line_1_32' title="bbox 173 3317 985 3382; baseline -0.011 -12"><span class='ocrx_word' id='word_1_229' title='bbox 173 3324 213 3374; x_wconf 79' lang='lat'>&#39;27</span> <span class='ocrx_word' id='word_1_230' title='bbox 241 3321 345 3371; x_wconf 88' lang='lat' dir='ltr'>dextera</span> <span class='ocrx_word' id='word_1_231' title='bbox 356 3323 402 3371; x_wconf 81' lang='lat' dir='ltr'>Po</span> <span class='ocrx_word' id='word_1_232' title='bbox 412 3320 501 3370; x_wconf 85' lang='lat' dir='ltr'>dextra</span> <span class='ocrx_word' id='word_1_233' title='bbox 522 3321 662 3382; x_wconf 81' lang='lat' dir='ltr'>G-rupes</span> <span class='ocrx_word' id='word_1_234' title='bbox 678 3319 803 3367; x_wconf 80' lang='lat' dir='ltr'>Mericalc</span> <span class='ocrx_word' id='word_1_235' title='bbox 821 3319 846 3366; x_wconf 87' lang='lat' dir='ltr'>et</span> <span class='ocrx_word' id='word_1_236' title='bbox 864 3317 985 3364; x_wconf 71' lang='lat' dir='ltr'>deuteras</span> 
     </span>
    </p>
   </div>
   <div class='ocr_carea' id='block_1_5' title="bbox 135 3405 522 3466">
    <p class='ocr_par' dir='ltr' id='par_1_7' title="bbox 135 3405 522 3466">
     <span class='ocr_line' id='line_1_33' title="bbox 135 3405 522 3466; baseline 0.003 -14"><span class='ocrx_word' id='word_1_237' title='bbox 135 3418 208 3466; x_wconf 83' lang='lat' dir='ltr'>rupes</span> <span class='ocrx_word' id='word_1_238' title='bbox 220 3407 375 3466; x_wconf 83' lang='lat' dir='ltr'>perangusta</span> <span class='ocrx_word' id='word_1_239' title='bbox 389 3405 522 3453; x_wconf 79' lang='lat' dir='ltr'>Gmoooer</span> 
     </span>
    </p>
   </div>
   <div class='ocr_carea' id='block_1_6' title="bbox 0 0 1104 3720">
    <p class='ocr_par' dir='ltr' id='par_1_8' title="bbox 0 0 1104 3720">
     <span class='ocr_line' id='line_1_34' title="bbox 0 0 1104 3720; baseline 0 0"><span class='ocrx_word' id='word_1_240' title='bbox 0 0 1104 3720; x_wconf 95' lang='lat' dir='ltr'> </span> 
     </span>
    </p>
   </div>
  </div>
 </body>
</html>
