2198 3720
154 185 192 242 56
364 183 398 242 0.
420 183 626 242 SALLVSTI
651 183 797 243 calsr’l
830 181 880 264 [ce.
893 185 947 255 -56,
964 184 1000 242 57

130 339 344 410 opraeceptum
368 341 440 405 erat,
465 335 570 411 laqueo
593 333 694 411 gulam
719 333 840 411 fregere.
883 335 928 393 ita
954 319 1005 392 ille

154 431 295 509 patricius
310 451 346 489 cx
360 438 448 508 gente
463 431 635 489 clarissuma
649 431 862 516 Corneliorum,
874 432 926 509 qui
940 452 1006 490 con-

155 530 252 588 sulare
265 530 423 606 imperium
438 530 552 588 Romae
565 529 719 602 habuerat,
734 530 857 606 dignum
874 531 1006 589 moribus

155 628 300 705 factisque
324 628 386 687 suis
406 629 533 686 exitium
553 628 635 686 vitae
655 628 778 687 invenit.
822 627 1006 705 de·(lethego

157 726 277 784 Statilio
296 726 424 785 Gabinio
441 726 583 802 Caepario
602 726 704 785 eodem
723 726 810 784 modo
828 726 1031 803 suppliciums

157 829 309 901 sumptum
322 829 405 882 est·

95 909 139 978 56
218 919 299 977 Dum
326 939 362 978 ea
389 920 503 978 Romae
530 925 684 996 geruntur,
708 919 839 979 Catilina
861 939 900 978 ex
927 922 1007 979 omni

158 1016 249 1093 copia,
257 1031 350 1092 'quam
364 1023 395 1074 et
408 1016 471 1092 ipse
485 1017 651 1075 adduxerat
664 1022 695 1073 et
709 1016 843 1074 Manlius
854 1018 1006 1090 habuerat,

133 1139 144 1165 ω
158 1113 231 1170 duas
244 1113 373 1187 legiones
390 1111 532 1183 instituit,
553 1109 558 1193 Ι
575 1112 705 1171 cohortis
723 1131 777 1189 pro
795 1132 920 1172 numero
932 1115 1008 1172 mili-

157 1216 223 1267 tum
237 1209 371 1286 complet,
382 1208 498 1280 deinde,
513 1215 550 1265 ut
563 1209 688 1285 quisque
699 1209 888 1268 voluntarius
902 1217 956 1269 aut
969 1231 1007 1269 ex
1021 1244 1045 1270 10

72 1327 75 1334 ’
159 1309 245 1366 sociis
264 1308 295 1364 in
313 1315 409 1366 castra
428 1313 559 1380 venerat,
574 1307 738 1385 aequaliter
758 1306 959 1380 distribuerat,
975 1329 1008 1389 ac

70 1447 73 1454 -
158 1406 243 1462 brevi
256 1404 351 1481 spatio
365 1404 495 1480 legiones
509 1403 632 1462 numero
652 1403 806 1462 hominum
828 1405 1008 1483 expleverat,

160 1523 227 1561 cum
244 1503 331 1560 initio
351 1521 412 1560 non
432 1503 560 1579 amplius
580 1503 695 1561 duobus
713 1503 834 1563 milibus
848 1505 1006 1563 habuisset.

135 1620 147 1658 s
160 1601 212 1659 sed
223 1621 260 1659 ex
274 1600 355 1658 omni
369 1602 452 1676 copia
466 1600 583 1657 circiter
596 1618 664 1676 pars
678 1606 785 1676 quarta
799 1607 863 1660 erat
876 1600 1009 1658 militari-

160 1701 216 1757 bus
242 1699 333 1757 armis
366 1699 520 1769 instructa,
550 1699 649 1770 ceteri,
675 1704 711 1755 ut
744 1717 890 1782 quemque
924 1719 1009 1758 casus
1021 1725 1046 1766 ις

161 1802 337 1869 armaverat,
352 1816 452 1874 sparos
466 1805 518 1854 aut
532 1796 660 1868 lanceas,
672 1796 725 1854 alii
740 1805 913 1872 praeacutas
930 1798 1011 1856 sudis

136 1896 327 1974 rportabant
371 1895 422 1953 sed
441 1902 599 1972 postquam
617 1896 771 1954 Antonius
792 1916 859 1954 cum
878 1898 1010 1956 exercitu

115 2021 119 2028 ·
162 1995 350 2067 adventabat,
367 1993 496 2053 Oatilina
516 2013 569 2070 per
590 1994 699 2052 montis
720 1995 777 2053 iter
797 1993 903 2067 iacere,
924 1994 1012 2053 modo

162 2093 199 2149 ad
220 2092 323 2150 urbem
343 2091 431 2150 modo
447 2092 480 2149 in
498 2092 626 2150 Galliam
643 2112 747 2151 vorsus
765 2104 863 2152 castra
883 2112 1010 2165 movere,

162 2192 298 2250 hostibus
311 2191 493 2250 occasionem
510 2192 664 2268 pugnandi
681 2211 742 2249 non
759 2191 851 2253 dare:
872 2193 1011 2269 sperabat
1022 2222 1049 2250 20

162 2290 331 2368 propediem
347 2308 467 2365 magnas
481 2289 580 2364 copias
594 2307 657 2346 sese
670 2289 851 2359 habiturum,
861 2289 888 2347 ai
898 2290 1013 2348 Romae

139 2412 150 2448 s
164 2389 235 2447 socii
249 2388 367 2462 incepta
380 2385 587 2462 patravissent
619 2384 734 2443 interea
747 2385 870 2443 servitia
880 2386 1014 2461 repudia-

163 2489 224 2558 bat,
239 2485 323 2542 cuius
344 2482 431 2539 initio
451 2481 489 2538 ad
509 2499 577 2539 eum
598 2499 721 2556 magnae
742 2481 842 2558 copiae
863 2500 1015 2541 concurre·

163 2586 246 2655 bant,
270 2582 375 2658 opibus
402 2580 616 2638 coniurationis
637 2579 743 2652 fretus,
766 2579 857 2638 simul
883 2581 1014 2638 alienum
1071 2608 1073 2613 ¹

121 2673 123 2677 ⁵
165 2683 226 2742 suis
248 2679 414 2738 rationibus
436 2679 621 2736 existumans
643 2677 739 2736 videri
761 2696 880 2736 causam
902 2679 1014 2737 ciuium
1027 2711 1052 2748 25

107 2775 150 2844 57
166 2799 233 2838 cum
261 2776 354 2836 servis
380 2774 517 2851 fugitivis
545 2773 813 2832 communicavisse
858 2775 909 2833 sed
936 2783 1016 2852 post

165 2895 254 2954 quam
268 2874 301 2931 in
315 2882 411 2931 castra
424 2871 549 2928 nuntius
562 2871 700 2946 pervenit
715 2871 828 2928 Romae
838 2872 1015 2931 coniuratio·

214 3111 230 3158 4
262 3109 362 3159 exitum
369 3108 413 3170 sor
424 3106 533 3155 exitium
547 3107 623 3168 Vopcl
637 3106 704 3154 erz

217 3195 248 3244 19
281 3192 308 3240 in
320 3190 423 3252 galliam
438 3189 584 3237 Priscianus
596 3189 624 3236 in
635 3203 681 3237 om.
693 3189 739 3237 Po
750 3186 845 3254 (accept
857 3191 898 3238 the
907 3191 1016 3252 inperior

168 3275 250 3324 which
262 3275 324 3321 hacc
334 3269 362 3318 in
373 3284 402 3318 or
411 3267 456 3329 ad)

216 3357 248 3404 20
281 3353 399 3416 sperabat
410 3353 456 3400 Po
468 3364 574 3412 sperans
588 3351 609 3398 G
