2198 3720
129 230 152 269 c.
172 207 222 290 lt]
332 209 509 268 BELLVM
533 208 778 269 CATILINAE.
945 207 982 266 13

130 358 243 415 nubere
271 327 317 414 illi
345 356 514 429 dubitabat,
542 355 651 414 timens
681 355 852 433 privignum
880 353 985 413 adulta

129 459 238 526 aetate,
247 473 301 530 pro
309 459 390 511 certo
399 451 531 511 creditur
540 456 646 510 necato
656 452 718 510 filio
727 470 852 510 vacuam
862 449 984 509 domum

129 551 262 609 scelestis
278 549 394 627 nuptiis
415 548 527 608 fecisse.
573 567 650 626 quae
663 547 784 625 quidem
779 565 845 648 ges
861 546 937 605 mihi
952 547 1010 614 in3

129 647 234 725 primis
268 647 391 705 videtur
422 665 513 704 causa
539 644 632 703 fuisse
659 615 784 713 fucini}
803 643 982 702 maturandi.

105 763 116 800 s
130 763 258 820 namque
272 743 390 801 animus
403 743 537 820 inpurus,
549 741 596 800 dis
606 741 836 817 hominibusque
848 740 985 811 infestus,
998 765 1010 804 ⁴

131 860 227 917 neque
241 840 353 916 vigiliis
372 857 469 916 neque
492 838 644 915 quietibus
665 837 764 896 sedari
785 842 922 914 poterat:
941 836 987 894 ita

131 939 313 997 conscientia
326 941 456 997 mentem
470 937 600 995 excitam
614 936 761 996 vastabat.
804 935 897 1013 igitur
908 934 1011 1000 coloss

131 1036 160 1093 ei
181 1035 351 1112 exsanguis,
367 1033 448 1093 foedi
467 1033 555 1106 oculi,
574 1033 653 1092 citus
671 1032 759 1091 modo
780 1031 868 1091 modo
881 1031 987 1090 tardus

132 1132 282 1205 incessus;
303 1149 424 1208 prorsus
438 1130 471 1188 in
484 1129 561 1189 facie
575 1130 719 1206 voltuque
729 1129 868 1188 vecordia
880 1129 985 1187 inerat

95 1256 120 1284 ιο
132 1229 184 1288 sed
198 1230 398 1302 iuventutem,
408 1249 507 1307 quam,
520 1233 556 1288 ut
569 1248 660 1306 supra
673 1229 814 1300 diximus,
828 1227 985 1300 inlexerat,
999 1229 1041 1298 16

85 1355 86 1358 ¹
132 1327 236 1384 multis
250 1326 345 1385 modis
359 1327 438 1384 mela
451 1326 583 1384 facinora
596 1326 746 1384 edocebat
777 1344 816 1384 ex
826 1325 888 1391 illis
901 1325 1011 1384 terties

133 1423 355 1500 signatoresque
382 1421 473 1480 falsos
498 1422 702 1496 commodare;
731 1421 819 1480 fidem
848 1421 986 1480 fortunas

133 1520 351 1598 pericularvilia
363 1521 482 1594 babere,
497 1527 565 1598 post
580 1521 634 1579 ubi
652 1539 755 1579 eorum
769 1520 880 1579 famam
895 1526 986 1598 atque

133 1618 276 1695 pudorem
303 1617 480 1690 adtriverat,
508 1617 622 1675 maiora
646 1617 706 1675 alia
733 1617 908 1694 imperabat.
961 1618 1012 1678 sis

97 1739 119 1777 ιε
134 1735 222 1773 causa
246 1715 387 1792 peccandi
405 1716 438 1774 in
459 1735 599 1793 praesens
615 1716 715 1774 minus
735 1716 921 1793 subpetebat,
944 1715 988 1773 ni-

134 1813 196 1871 hilo
217 1814 317 1871 minus
338 1790 465 1871 insontss
488 1815 578 1872 aienti
596 1788 691 1872 sontis
706 1815 928 1887 circumvenire,
944 1815 988 1872 iu-

134 1912 255 1989 gulare;
275 1912 398 1985 scilicet,
420 1932 458 1971 ne
477 1914 642 1990 parotium
662 1912 866 1990 torpescerent
881 1931 989 1970 manus

135 2015 189 2065 aut
207 2009 333 2080 animus,
356 2010 490 2085 gratuito
514 2010 614 2086 potius
633 2009 730 2068 melus
750 2016 842 2086 atque
860 2009 988 2068 crudelis

135 2112 207 2166 erat.
250 2105 294 2164 eis
315 2107 418 2166 amicis
436 2108 581 2185 sociisque
600 2109 729 2167 confisus
745 2107 884 2180 Catilina,
900 2107 1013 2170 simma

97 2235 123 2260 20
135 2201 214 2278 quod
235 2222 285 2260 aes
304 2204 434 2261 alienum
455 2223 509 2280 per
530 2205 627 2262 omnis
645 2209 742 2263 terras
760 2205 866 2282 ingens
880 2209 990 2263 enatet

135 2299 214 2377 quod
228 2301 361 2378 plerique
376 2301 492 2359 Sullani
510 2290 753 2380 militesfflargius
771 2322 825 2362 suo
836 2303 892 2362 nsi
903 2303 990 2379 prepi·

135 2416 242 2454 narum
263 2403 296 2455 et
311 2398 454 2456 victoriae
473 2399 584 2458 veteris
606 2381 858 2489 memoreslcivile
876 2400 989 2458 bollum

114 2489 328 2574 exoptabant,
356 2496 571 2574 opprimundae
602 2497 647 2555 rei
673 2497 810 2574 publicae
834 2497 990 2557 consilium

186 2665 200 2714 1
234 2665 323 2715 adulta
333 2667 378 2716 Po
389 2667 507 2716 adultum
521 2669 541 2717 0
552 2667 683 2734 (Sclrmalz)

185 2747 202 2794 4
233 2747 337 2797 lacinus
354 2749 378 2798 P
399 2749 547 2799 maturandi
566 2753 589 2800 ir
608 2753 753 2801 ill-written
772 2752 801 2799 in
820 2751 843 2800 P
865 2753 916 2800 aad
938 2765 991 2800 cor·

136 2831 219 2878 rectcd
229 2831 288 2893 byp
299 2830 421 2880 laoinoris
432 2830 582 2881 maturandi
596 2833 617 2881 0
628 2830 742 2895 (Dietaclr
756 2831 833 2895 Wirz)

186 2912 201 2961 7
234 2911 304 2959 color
328 2910 353 2960 ei
380 2911 519 2974 exsanguis
545 2912 569 2961 P
597 2910 728 2977 (exanguis
756 2912 780 2960 P
802 2910 940 2973 exsanguis
962 2915 992 2974 p)

136 2989 206 3038 color
225 2989 281 3039 eius
297 3005 326 3040 or
343 2991 428 3041 colore
444 2991 583 3054 exsanguis
602 3007 630 3042 or
646 2992 717 3040 color
734 2991 871 3053 exsanguis
891 2993 919 3041 0.
953 2993 993 3040 No

137 3074 186 3122 MS
198 3074 243 3121 hoe
255 3072 331 3132 colos,
341 3074 384 3123 but
392 3075 484 3123 Probra
496 3076 525 3122 ia
535 3079 582 3123 two
590 3074 677 3136 places
688 3088 746 3137 says
760 3072 794 3139 (1)
807 3072 877 3122 oolor
887 3071 992 3130 coloris3

137 3152 255 3215 quamvis
275 3152 426 3203 Sallustius:
449 3152 528 3215 igitur
547 3153 617 3202 colos
636 3152 785 3215 exsanguis:
806 3153 843 3215 (2)
860 3151 931 3201 colos
952 3166 993 3200 oo·

136 3232 212 3292 loria3
225 3232 379 3293 Sallustium
396 3232 475 3295 igitur
486 3233 555 3282 colos
566 3232 722 3296 exsanguis3
738 3231 783 3282 sed
793 3231 885 3282 melius
897 3231 993 3279 ‘color’

137 3313 232 3362 dicitur

188 3397 218 3442 ll
251 3394 371 3445 edocebat
378 3397 421 3458 pG
431 3395 566 3446 edocuitP
