2198 3720
132 242 154 280 c.
174 217 224 302 18]
333 221 513 280 BELLVM
539 219 782 280 CATILINAE.
846 298 849 304 .
945 221 982 278 15

131 369 213 428 illius
236 370 402 448 potentiam
423 389 561 442 crescere,
586 369 676 428 simul
698 371 849 442 confisum,
871 371 897 428 si
917 389 982 428 oon-

131 467 240 525 inratio
266 468 417 542 valuisset,
448 467 535 526 facile
563 469 642 545 apud
669 469 736 527 illos
764 468 927 547 principem
952 488 983 528 se

130 564 219 647 fore.¹

192 663 250 722 Sed
272 669 361 722 antea
381 665 454 722 item
476 665 669 724 coniuravere
689 666 778 743 pauci
799 670 903 724 contra
920 657 1041 726 rom18

108 761 289 838 §publicam
305 763 338 819 in
357 764 425 840 quis
444 762 577 822 Catilina
599 764 660 822 fuit
668 785 677 838 3
699 765 736 822 de
753 783 812 841 qua
833 783 922 841 quam
936 780 1007 820 voa

131 860 255 918 riasume
282 867 386 937 potero
412 862 517 921 dicam.
565 863 598 923 L.
625 862 712 920 Tullo
736 867 768 920 et
791 861 843 921 Μ’.
870 858 984 937 Lepido

131 956 302 1016 consulibua
316 957 350 1016 P.
366 958 537 1016 Autronius
551 964 583 1016 et
598 958 632 1016 P.
654 958 736 1016 Sulla
750 957 898 1035 designati
918 976 985 1015 con·

131 1029 338 1136 sulesilegibus
359 1054 499 1137 ambitus]
510 1036 816 1139 interrogatiipoenas
830 1054 980 1115 dederant.

131 1159 199 1227 post
211 1153 301 1229 paulo
315 1153 445 1210 Catilina
458 1125 901 1241 Pfflssffiffiffimdfflm
914 1172 983 1210 raus
996 1174 1008 1212 3

97 1250 304 1335 10prohibitus·
319 1257 389 1345 erat
403 1271 494 1336 consu
507 1257 591 1309 atum
611 1258 720 1347 faetore,
741 1251 821 1328 quod
843 1251 924 1309 intra
945 1251 984 1308 lo-

131 1347 261 1422 gitumos
275 1252 676 1431 (iia‘nffii‘oiitffliequiitcrit
719 1354 785 1406 erat
795 1348 898 1407 eodem
911 1353 1008 1411 tem-4

131 1464 202 1521 pore
215 1444 267 1529 On
285 1445 367 1547 Q
377 1426 553 1506 {dulescens
565 1447 673 1505 nobilia
687 1465 820 1505 summae
832 1446 981 1518 audaciae,

132 1561 220 1618 egena
239 1524 388 1614 facticii&
404 1563 492 1620 quem
511 1543 550 1601 ad
566 1544 799 1620 perturbandam
814 1561 875 1600 rem
890 1542 985 1620 publi·

132 1659 196 1698 cam
219 1640 321 1718 inopia
342 1648 432 1719 atque
456 1643 528 1699 mali
549 1660 646 1699 mores
669 1641 874 1701 stimulabant.
916 1659 1009 1703 cums

96 1762 118 1799 τε
132 1738 186 1796 hoc
201 1738 332 1797 Catilina
345 1746 377 1798 et
391 1741 560 1798 Autronius
574 1740 692 1798 circiter
705 1758 799 1798 nonas
811 1737 984 1796 Decembris

132 1837 254 1895 consilio
273 1840 490 1897 communicato
511 1841 657 1917 parabant
675 1839 708 1895 in
723 1837 870 1914 Capitolio
883 1835 984 1893 kalen·
1012 1852 1013 1856 ’

132 1932 178 1990 dia
192 1933 341 1992 Ianuariis
356 1935 389 1994 L.
406 1935 525 1994 Cottam
543 1941 574 1993 et
595 1935 627 1993 L
650 1935 834 2011 Torquatum
848 1933 984 1991 consules

132 2030 306 2106 interficere,
335 2031 394 2109 ipsi
420 2030 551 2090 fascibus
579 2031 722 2108 correptis
750 2029 888 2100 Pisonem
916 2048 983 2086 oum

133 2131 263 2204 exercitu
276 2128 314 2187 ad
327 2124 505 2207 optinendae
519 2130 593 2188 duaa
608 2130 773 2207 Hispanias
785 2128 913 2187 mittere.
949 2145 1010 2189 eae

94 2257 119 2283 ,ο
132 2246 164 2285 re
188 2227 307 2303 cognita
327 2245 430 2284 rursus
454 2226 486 2283 in
508 2245 602 2285 nonas
626 2225 804 2284 Februarias
828 2223 985 2282 consilium

132 2325 229 2383 caedis
242 2324 466 2385 transtulerant.
502 2325 560 2383 iam
570 2331 635 2383 tum
648 2344 709 2383 non
719 2322 889 2382 oonsulibus
898 2320 985 2379 modo
998 2349 1010 2387 7

133 2422 184 2479 sed
198 2422 345 2498 plerisque
355 2422 542 2497 sonatrribua
552 2421 712 2503 perniciem
727 2419 983 2478 machinabantur.

46 2532 52 2543 ’
132 2520 245 2595 quodni
259 2519 391 2578 Catilina
396 2504 584 2578 'maturasset
596 2539 651 2598 pro
664 2519 748 2578 curia
765 2519 885 2594 signum
899 2515 986 2573 sociis
998 2538 1010 2576 a

133 2617 212 2689 darc,
235 2637 270 2674 eo
291 2617 340 2676 die
358 2623 427 2693 post
444 2618 596 2677 conditam
618 2619 722 2676 urbem
740 2618 868 2676 Romam
887 2633 986 2693 pessu-

95 2739 120 2779 ως
133 2733 213 2772 mum
237 2713 354 2772 facinus
376 2719 527 2790 patratum
552 2715 638 2777 foret.
678 2715 750 2791 quia
773 2713 905 2771 nondum
930 2711 986 2769 ire-

132 2817 256 2889 quantea
290 2812 399 2870 armati
433 2817 642 2887 convenerant,
678 2833 713 2871 ea
746 2830 794 2870 res
828 2809 986 2868 consilium

181 2989 196 3039 5
230 2987 289 3050 quia
298 2989 429 3038 Dianam
440 2987 535 3050 quibua
545 2988 591 3037 Po
602 2989 651 3050 (aec
661 2990 740 3050 noma)

182 3070 211 3118 11
245 3068 393 3132 nequiuerit
418 3069 465 3119 Po
491 3069 642 3131 nequiuerat
671 3070 692 3118 0
714 3065 841 3133 (insertor)
867 3081 882 3116 a
906 3065 987 3129 (Wirr

133 3151 247 3200 Schmola
267 3150 414 3200 Scheindler
436 3150 501 3211 etc).
534 3150 640 3199 Dicunt
662 3149 774 3198 brackets
794 3144 987 3210 qnod...nequi·

128 3234 212 3362 venit
245 3311 408 3362 comunioato
418 3314 448 3362 in
457 3312 576 3363 Joraon’c
588 3317 640 3360 teat
651 3312 674 3359 ia
685 3325 703 3358 a
712 3310 831 3372 monam

181 3396 213 3444 20
244 3396 349 3445 Dtetrct
359 3396 443 3446 morta
453 3411 471 3447 a
482 3397 576 3447 lacuna
585 3394 654 3458 citer
665 3391 774 3454 cocum
