2198 3720
142 236 166 278 c.
182 215 233 298 52]
349 216 457 276 Bm
466 217 525 275 VM
547 215 788 277 CATILINAE.
955 215 991 272 49

141 364 313 424 disseruisse
334 364 476 423 videntur
499 363 537 423 de
558 382 654 440 poena
673 383 785 434 eorum,
803 363 854 439 qui
877 362 993 439 patriae
1024 438 1030 447 .

139 464 314 538 parentibus
337 464 397 530 aris
419 468 509 541 atque
528 463 603 522 focis
624 463 686 521 suis
710 461 821 519 bellum
841 480 990 539 paravere.

139 577 186 617 res
206 567 306 619 autem
328 568 429 619 monet
449 579 552 618 cavere
573 559 610 616 ab
631 559 692 616 illis
703 558 804 635 'magis
817 577 905 635 quam
919 559 991 634 quid

139 656 172 714 in
185 655 252 715 illos
266 663 434 716 statuamus
448 656 621 715 consultare
665 674 735 713 nam
746 662 843 714 cetera
853 655 992 713 malificia
1005 679 1017 716 4

114 759 204 812 stum
218 774 401 832 persequare,
417 754 470 811 ubi
483 753 564 811 lacta
582 758 661 824 sunt,
676 752 732 810 hoc
750 751 808 809 nisi
826 752 990 829 provideris
1067 746 1070 751 ’

138 869 177 908 ne
203 852 326 923 accidat,
352 851 405 909 ubi
433 850 541 922 evenit,
566 849 679 907 frustra
705 848 815 906 indicia
842 848 988 926 inplores:

139 953 225 1024 capta
246 949 320 1007 urbo
344 947 421 1005 nihil
442 947 478 1005 fit
500 946 606 1023 reliqui
627 945 722 1003 victis.
751 945 825 1020 sed,
847 965 900 1023 per
921 946 1014 1007 daoss

137 1048 312 1122 inmortalis,
322 1069 376 1108 vos
390 1068 443 1126 ego
457 1048 582 1126 appello,
597 1048 649 1125 qui
663 1067 778 1125 semper
791 1047 893 1105 domos
903 1046 989 1105 villas

138 1148 223 1223 signa
243 1147 362 1204 tabulas
384 1152 499 1204 vostras
521 1145 615 1222 pluris
637 1164 727 1221 quam
749 1163 812 1202 rem
838 1144 988 1222 publicam

102 1244 268 1304 refecistis:
290 1245 316 1304 si
336 1246 395 1304 ista
415 1247 627 1321 cuiuscumque
647 1243 729 1302 modi
746 1248 819 1302 sunt
836 1262 912 1321 quae
927 1262 986 1301 am-

136 1341 302 1419 plexamini
326 1343 464 1416 retinere,
487 1343 513 1400 si
534 1341 738 1416 voluptatibus
758 1341 868 1399 vostris
892 1339 986 1400 otium

136 1442 277 1517 praebere
296 1440 394 1510 voltis,
410 1437 649 1515 expergiscimini
669 1437 829 1514 aliquando
848 1443 879 1496 et
892 1457 988 1515 capes-

136 1538 193 1596 site
212 1557 275 1595 rem
293 1537 449 1615 publicam.
493 1555 554 1593 non
568 1535 667 1612 agitur
680 1535 717 1593 de
731 1535 925 1612 vectigalibus
938 1553 1011 1596 nee

136 1654 194 1711 que
208 1634 245 1693 de
259 1634 404 1693 sociorum
419 1632 555 1690 iniuriis:
576 1631 699 1703 libertas
719 1637 750 1690 et
768 1633 868 1690 anima
885 1641 987 1694 nostru

100 1754 123 1791 ιε
135 1733 168 1790 in
195 1733 287 1792 dubio
315 1738 367 1791 est.
411 1749 497 1809 saepe
524 1750 657 1804 numero,
685 1736 785 1807 patres
818 1733 1011 1809 conscriptis

136 1830 231 1889 multa
250 1831 342 1889 verba
361 1830 394 1888 in
414 1830 470 1888 hoc
490 1829 594 1888 ordine
614 1829 679 1902 feci,
702 1849 788 1907 saepe
808 1830 846 1888 de
866 1831 986 1890 luxuria

135 1935 224 2007 atque
237 1929 363 1988 avaritia
378 1934 546 1987 nostrorum
560 1929 671 1987 civium
686 1935 808 2006 questus
821 1949 895 2001 sum,
911 1932 984 1989 mul-

135 2032 239 2103 tosque
253 2026 387 2084 mortalis
402 2045 437 2084 ea
450 2045 540 2084 cause
553 2027 693 2084 advorsos
707 2025 819 2085 habeo:
840 2027 892 2103 qui
912 2028 1008 2086 mihis

135 2129 225 2200 atque
241 2125 341 2183 animo
362 2144 428 2183 meo
445 2124 559 2183 nullius
578 2144 721 2202 umquam
739 2125 841 2184 delicti
856 2126 984 2203 gratiam

97 2220 277 2293 siconem,
300 2220 382 2279 haud
405 2221 494 2279 facile
521 2220 645 2279 alterius
672 2221 800 2279 lubidini
827 2221 985 2280 malefacta

133 2318 341 2378 condonabam.
385 2321 436 2378 sed
450 2339 485 2378 ea
498 2321 620 2378 tametsi
633 2339 687 2378 vos
699 2319 786 2396 parvi
798 2320 982 2397 pendebatis,
996 2344 1010 2382 9

132 2423 234 2476 tamen
254 2436 301 2475 res
322 2416 441 2494 publica
461 2416 548 2474 firma
567 2423 639 2490 erat,
653 2416 808 2493 opulentia
827 2417 982 2494 neglegen-

132 2514 207 2572 tiam
227 2515 384 2574 tolerabat.
427 2535 508 2575 nunc
526 2535 598 2574 vero
615 2535 676 2574 non
690 2515 721 2574 id
735 2515 843 2593 agitur,
859 2515 983 2575 bonisne
998 2498 1022 2566 io
1090 2536 1092 2541 ·

131 2631 171 2670 en
197 2613 284 2671 malis
311 2612 444 2690 moribus
470 2612 614 2685 vivamus,
638 2632 735 2689 neque
762 2618 908 2689 quantum
930 2620 985 2671 aut

94 2734 118 2770 κε
131 2729 220 2786 quam
234 2711 423 2789 magnificum
437 2711 594 2788 imperium
608 2711 712 2789 populi
725 2710 854 2769 Romani
867 2710 916 2782 sit,
931 2711 983 2769 sed

129 2808 201 2867 hoec
215 2810 426 2887 cuiuscumque
444 2810 525 2869 modi
542 2810 692 2883 videntur,
706 2817 809 2869 nostra
826 2829 865 2868 an
882 2809 982 2869 nobis-

129 2923 196 2966 cum
211 2888 415 2991 unaliostium
433 2907 538 2965 futura
556 2906 624 2965 sint.
667 2905 716 2965 hio
732 2906 806 2965 mihi
825 2906 981 2984 quisquam
997 2932 1018 2958 ιι

128 3002 387 3061 mansuetudinem
420 3008 452 3062 et
478 3003 708 3062 misericordiam
736 3003 878 3062 nominat.
922 3004 982 3062 iam

390 3170 405 3218 5
438 3171 535 3218 tunoP

392 3252 407 3299 8
440 3263 487 3299 uos
499 3264 545 3312 ego
556 3251 627 3300 POV
636 3265 682 3312 ego
694 3250 776 3316 uost'

290 3323 292 3326 ’
373 3330 405 3379 10
437 3329 652 3380 istaPOitaOV

373 3412 404 3458 28
437 3409 575 3462 nominati
596 3411 701 3462 Wdruier

203 3518 269 3560 GS.
