2198 3720
129 178 165 242 10
334 176 365 244 e.
395 178 595 242 sisaram
623 180 771 244 cersrr
885 179 920 266 [ο.
940 187 975 244 12
1083 276 1086 281 q

101 327 226 405 4inopia
239 327 392 386 minuitur.
437 327 665 405 sedpostquam
681 327 715 386 L.
731 328 816 411 Suila
832 330 921 386 armis
935 349 978 386 re·
1003 260 1042 408 (si

125 432 257 509 ceptqge
268 426 489 505 publicabonis
501 426 598 487 initiis
611 390 845 498 mudcs⁴'ieisiiit1is
858 427 977 500 'habuit
993 410 1004 441 Ἰ

29 570 36 577 ,
124 543 228 602 rapere
255 544 365 598 omnes,
390 525 518 598 trahere,
543 524 664 585 domum
687 526 765 584 alius
788 526 865 585 alius
893 545 978 604 agros

125 641 241 700 cupere,
263 643 360 700 neque
386 623 508 683 modum
530 643 635 702 neque
651 625 826 684 modestiam
850 625 978 683 victores

125 719 243 799 habere,
261 720 349 803 iceda
368 723 557 800 crudeliaque
575 723 608 781 in
627 723 700 781 civis
721 722 854 781 facinora
871 723 1004 787 faceres

101 816 183 879 shuc
196 792 366 877 iidded'ebat
385 819 464 896 quod
485 819 519 879 L.
540 819 624 878 Sulla
644 820 818 892 exercitum,
837 839 926 896 quem
946 819 979 876 in

126 913 203 972 Asia
229 914 412 984 ductaverat,
438 935 496 992 quo
524 915 581 973 sibi
608 915 700 973 fidum
729 915 848 986 iaceret,
876 921 979 973 contra

108 1031 237 1126 ..Weff
322 1013 416 1101 'orum
450 1014 602 1072 luxuriose
635 1014 783 1091 nimisque
817 1014 980 1072 liberaliter

81 1064 205 1185 {lietu
223 1117 278 1170 rat.
310 1085 730 1205 zcca·iiiiiiie'ii'a'i'voluptaria
754 1113 839 1172 facilc
863 1112 895 1170 iu
917 1112 979 1170 otio

101 1131 385 1270 eiercci'militum
408 1210 522 1269 animos
543 1211 741 1269 molliveraut.
783 1210 827 1268 ibi
849 1210 978 1288 primum
995 1243 1019 1269 ιο

125 1305 258 1365 insuevit
284 1306 434 1364 exercitus
460 1307 565 1387 populi,
587 1307 720 1391 ¹Rpmani
744 1326 843 1365 amare
865 1315 977 1384 potare,

126 1402 347 1487 signatabulas,
356 1402 450 1479 pictas
458 1423 536 1479 ,vasa
544 1382 660 1461 idelata
670 1403 781 1476 mirari,
792 1423 826 1461 ea
837 1402 978 1480 privatim

126 1507 157 1558 et
175 1501 292 1577 publice
310 1520 421 1578 rapere,
443 1486 567 1560 delubra
585 1502 720 1579 spoliare,
740 1520 824 1559 sacra
841 1501 978 1579 profana·

103 1617 184 1674 ,que
207 1600 307 1658 omnia
330 1600 470 1677 polluere.
513 1602 607 1677 igitur
629 1601 657 1659 ei
680 1600 798 1671 milites,
824 1605 977 1677 postquam

126 1697 281 1756 victoriam
305 1700 407 1777 adepti
431 1708 510 1770 sunt,
532 1699 608 1758 nihil
631 1699 740 1776 reliqui
761 1698 849 1781 viqtis
863 1699 975 1781 ,iecere
994 1734 1016 1771 15

126 1796 236 1874 quippe
249 1797 395 1856 secundae
409 1817 456 1856 res
470 1798 649 1875 sapientium
664 1797 778 1856 animos
791 1780 927 1874 fatigant,
940 1815 978 1854 ne

126 1893 172 1951 illi
186 1894 338 1971 corruptis
352 1895 483 1953 moribus
496 1895 639 1953 victoriae
653 1888 930 1971 temperarentss·³‹”‘'

71 1983 114 2054 12
187 1989 350 2066 Postquam
371 1990 495 2050 divitiae
516 1990 621 2049 honori
645 2010 708 2050 esse
731 2009 851 2068 coepere
875 1995 906 2048 et
929 2009 978 2048 eas

125 2087 220 2164 gloria
253 2089 412 2166 imperium
441 2091 577 2168 potentia
607 2090 793 2166 sequebatur,
824 2087 978 2146 hebescere

125 2185 232 2257 virtus,
246 2193 406 2263 paupertas
419 2188 527 2263 probro
540 2187 651 2260 haberi,
666 2185 837 2244 innocentia
853 2204 906 2262 pro
919 2204 978 2242 ma·
992 2219 1017 2246 20

102 2311 113 2336 2
126 2281 281 2340 livclentia
294 2283 364 2341 duci
377 2284 481 2360 coepit.
511 2283 652 2360 igiturex
661 2282 776 2342 divitiis
790 2282 977 2341 iuventutem

125 2378 246 2437 luxuria
276 2386 366 2456 atque
397 2380 525 2437 avaritia
555 2400 623 2437 cum
654 2380 793 2456 superbia
825 2379 978 2450 invasere3

125 2495 237 2554 rapere,
249 2496 429 2551 consumere,
441 2497 496 2537 sua
509 2479 594 2554 parvi
608 2478 743 2555 pendere,
756 2478 852 2536 aliena
862 2496 977 2554 cupere,

126 2575 268 2649 pudorem
295 2562 480 2651 pudicitiam,
509 2573 612 2632 divina
639 2580 729 2651 atque
756 2573 887 2632 humana
914 2594 979 2652 pre

175 2724 190 2774 7
223 2721 337 2771 esiaPO
349 2708 468 2772 asismG

175 2804 207 2852 12
239 2804 339 2852 statuas
349 2804 373 2851 ic
384 2804 484 2852 written
494 2817 552 2852 over
563 2803 603 2852 the
616 2803 667 2851 linc
678 2801 710 2865 ty
718 2815 746 2864 p,
756 2801 808 2850 aad
819 2815 863 2851 erse
875 2802 924 2851 MS
933 2803 978 2850 tce

126 2884 199 2948 signa
211 2885 311 2934 statuas
322 2883 425 2934 tabulss
437 2886 570 2946 cocordiae
582 2891 606 2934 tc
620 2886 686 2934 Wira

176 2967 208 3016 14
239 2981 365 3030 posquam
384 2967 408 3016 P
425 2983 477 3017 acc.
497 2975 521 3017 ιο
545 2967 618 3026 Wtra
634 2967 743 3029 perhaps
767 2966 807 3015 tte
825 2966 932 3028 spellinq
952 2967 982 3028 of

126 3049 244 3097 Sallust'c
256 3048 314 3096 time

176 3128 207 3177 16
239 3141 272 3176 ne
280 3128 326 3177 ΡΟ
335 3126 432 3177 nedum
441 3129 463 3179 0
473 3127 500 3192 (c
505 3127 574 3192 few).
604 3127 723 3176 Priscian
731 3133 814 3190 quotes
824 3127 864 3175 tte
872 3139 978 3187 passapc

127 3210 206 3265 ercisc,
218 3222 277 3256 cccc
288 3208 351 3256 with
361 3221 403 3266 ne,
415 3221 473 3256 crece
484 3208 546 3256 with
557 3205 653 3256 nedum

175 3290 206 3340 17
239 3289 344 3338 Dietcet
363 3291 426 3339 read
447 3287 616 3352 temperarint
632 3293 661 3339 ia
681 3292 753 3340 1859.
787 3291 827 3338 He
844 3303 898 3338 stow
912 3294 979 3350 steps

126 3370 248 3434 fatigant:
266 3385 299 3422 ne
310 3387 336 3422 so
348 3373 461 3422 Sctmclz
