2198 3720
153 199 190 256 is
348 197 380 258 c.
411 198 514 258 snm
523 200 615 259 1⁷er
642 200 788 259 cnrsrr
911 199 947 282 [ο.
966 204 1003 259 52

153 347 293 406 Graeciae
301 367 413 406 morem
423 348 535 406 imitati
543 350 716 407 verberibus
726 350 1007 410 animadvortebant
1063 409 1065 413 ,

151 446 185 503 in
195 446 277 518 civis,
289 446 326 504 de
336 447 541 506 condemnatis
554 467 708 506 summum.
716 448 896 530 supplicium
909 468 1005 508 sume-

116 546 232 606 40bant.
276 553 434 623 postquam
455 565 503 605 res
526 546 646 623 publica
665 546 797 605 adolevit
817 552 849 605 et
872 546 1007 604 multitu-

153 642 222 700 dine
243 642 353 699 civium
375 642 521 700 factiones
542 641 670 714 valuere,
693 642 902 700 circumveniri
925 644 1007 700 innc

153 743 263 810 centes,
291 738 351 796 alia
377 737 581 797 huiuscemodi
611 738 676 796 fieri
704 758 834 816 coepere,
863 745 929 796 tum
957 740 1032 797 lexs

154 835 261 894 Porcia
279 836 412 913 aliaeque
431 836 510 913 leges
528 842 650 913 paratae
669 843 748 909 sunt,
766 837 875 913 quibus
892 838 1007 913 legibus

117 960 139 994 41
154 933 277 991 exilium
291 933 440 990 damnatis
453 934 630 1009 permissum
644 938 696 991 est.
727 933 804 990 hanc
815 952 868 1009 ego
879 953 1007 1005 causam,

155 1037 254 1108 patres
265 1031 432 1108 conscripti,
444 1050 503 1107 quo
516 1032 616 1089 minus
628 1051 735 1088 novom
748 1031 903 1089 consilium
915 1032 1009 1108 capia-

119 1152 142 1189 42
154 1148 221 1186 mus
235 1129 384 1205 inprimis
400 1150 536 1206 magnam
550 1137 631 1206 puto.
664 1130 797 1206 proiecto
807 1131 905 1188 virtus
919 1137 1008 1206 atque

155 1225 302 1301 sapientia
315 1226 409 1283 maior
427 1226 487 1284 illis
500 1226 570 1298 fuit,
585 1227 637 1303 qui
651 1246 689 1284 ex
706 1227 807 1302 parvis
821 1228 927 1303 opibus
944 1233 1046 1284 tan-10

77 1398 80 1404 ¹
155 1327 221 1380 tum
241 1322 400 1399 imperium
418 1314 622 1399 fecereiquam
643 1323 676 1378 in
692 1312 790 1394 'nobis
810 1324 863 1399 qui
881 1343 916 1380 ea
934 1323 1009 1381 bene

118 1446 143 1483 43
156 1426 243 1498 parta
263 1421 316 1476 vix
336 1420 506 1487 retinemus.
549 1421 648 1497 placet
668 1422 761 1496 igitur
779 1440 828 1478 ecs
846 1420 961 1478 dimitti
979 1426 1010 1484 et

156 1518 259 1593 augeri
268 1519 433 1575 exercitum
442 1519 605 1577 Catilinae?
618 1519 757 1576 minume.
784 1518 836 1577 sed
845 1519 889 1576 ita
896 1538 1008 1588 censeo,

157 1614 351 1691 publicandas
371 1634 474 1672 eorum
494 1616 644 1692 pecunias,
664 1616 743 1691 ipsos
762 1615 795 1670 in
814 1615 942 1672 vinculis
961 1617 1010 1672 ha-

156 1713 269 1772 bendos
282 1732 336 1790 per
349 1714 519 1790 municipia,
534 1733 611 1790 quae
625 1731 764 1770 maxume
779 1714 884 1789 opibus
898 1713 1009 1783 valent,
1024 1742 1047 1778 15

158 1831 217 1869 neu
230 1811 297 1887 quis
310 1811 347 1868 de
358 1810 400 1868 eis
413 1815 516 1886 postca
529 1810 567 1869 ad
581 1816 717 1867 senatum
733 1808 844 1866 referat
857 1828 932 1866 neve
942 1828 1010 1866 cum

158 1908 267 1985 populo
280 1913 367 1983 agat:
385 1906 437 1983 qui
450 1906 538 1964 aliter
552 1905 666 1978 fecerit,
680 1910 818 1962 senatum
831 1886 1012 1963 existumare

158 2026 226 2065 eum
254 2011 358 2063 contra
388 2023 451 2063 rem
481 2004 631 2081 publicam
660 2008 692 2062 et
721 2003 848 2061 salutem
879 2004 1012 2061 omnium

158 2104 329 2162 iacturum'.

100 2199 145 2268 52
221 2203 384 2279 Postquam
413 2203 522 2261 Caesar
548 2202 673 2261 dicundi
700 2202 791 2259 finem
815 2200 898 2272 iecit,
922 2201 1014 2258 ceteri
1026 2235 1052 2261 20

160 2300 252 2357 verbo
265 2298 343 2356 alius
356 2299 409 2356 alii
422 2300 506 2357 varie
526 2298 781 2357 adsentiebantur.
824 2303 858 2355 at
878 2297 920 2355 M.
943 2297 1015 2356 Por·

161 2397 224 2479 cius
245 2394 320 2454 Gato
341 2401 463 2471 rogatus
484 2396 665 2453 sententiam
685 2394 890 2452 huiuscemodi
907 2395 1014 2453 cratio-

161 2514 230 2552 nem
244 2493 359 2552 habuit.

139 2619 150 2646 ι
224 2589 339 2667 ‘Longe
362 2590 437 2647 mihi
461 2590 521 2647 alia
544 2609 629 2648 mens
649 2595 703 2662 est,
725 2593 825 2665 patres
846 2589 1014 2665 conscripti,

163 2709 230 2747 cum
243 2708 290 2747 res
300 2693 390 2765 atque
404 2689 537 2765 pericula
549 2693 653 2746 nostra
667 2687 820 2746 considero
834 2692 942 2745 etcum
952 2708 1015 2746 sen·
1028 2727 1053 2764 25

78 2861 82 2870 ¹
140 2786 274 2866 v,tentias
287 2803 348 2843 non
361 2785 511 2842 nullorum
523 2785 587 2860 ipse
601 2803 716 2842 mecum
730 2789 843 2860 reputo.
886 2785 932 2842 illi
943 2786 1017 2844 mihi

214 2984 227 3030 1
262 2981 384 3031 Graeciae
396 2994 495 3029 morsm
506 2978 604 3029 imitati
618 2980 755 3027 Dtcterlcin
770 2980 851 3027 would
865 2980 937 3041 parce
953 2979 1021 3041 cftcr

165 3078 269 3132 coepere
279 3067 336 3114 tum
347 3066 360 3124 §
371 3064 403 3112 40
420 3064 526 3112 Dietscb
537 3063 649 3111 brackets
662 3063 703 3110 the
714 3063 793 3110 words

214 3147 230 3193 4
262 3142 445 3194 circumueniri
458 3143 482 3192 V
490 3141 678 3191 circumuenire
689 3142 734 3189 Po

216 3227 246 3274 10
275 3224 329 3274 illis
339 3224 410 3273 PGV
418 3223 447 3272 in
459 3222 511 3271 illis
521 3221 555 3271 Pl
567 3222 644 3288 (Wirz
654 3223 768 3283 Dictaei)

217 3307 246 3353 16
279 3320 330 3355 neu
342 3305 399 3366 quis
409 3304 455 3352 ΡΟ
465 3318 498 3352 ne
509 3302 567 3364 quis
574 3303 642 3366 pCV

215 3389 247 3434 21
280 3385 346 3435 mihi
357 3384 408 3434 alia
420 3385 466 3433 ΡΟ
476 3383 528 3433 alis
539 3381 605 3430 mihi
619 3384 642 3432 V
