2198 3720
128 228 151 268 c.
168 207 227 290 49]
332 209 510 270 Blt’Ltl'M'
536 207 794 280 currimns„
942 209 978 265 41

128 360 251 418 missum
278 360 406 433 aiebant,
436 379 474 418 ne
499 358 627 418 Crassus
655 377 737 431 more
761 377 815 420 suo
843 363 981 435 suscepto

127 457 274 515 malorum
299 450 468 534 ‘patrocinio
501 474 565 514 rem
599 455 748 532 publicam
778 456 979 514 conturbaret.
1028 444 1032 450 ³

126 555 225 631 ipsum
253 554 391 612 Crassum
416 573 469 629 ego
492 558 594 629 postea
620 551 843 628 praedicantem
867 551 1006 623 audivi,9

127 659 244 710 tantam
271 652 353 710 illam
381 651 590 710 contumeliam
618 651 676 708 sibi
703 652 741 708 ab
769 649 911 708 Cicerone
938 649 982 707 in-

103 750 262 825 3positam

189 845 247 904 Sed
270 845 365 903 isdem
385 844 569 921 temporibus
592 843 626 913 Q.
655 843 781 901 Catulus
805 847 837 901 et
856 842 887 903 C.
910 842 980 901 Piso
992 834 1038 903 49

128 963 224 1020 neque
256 943 353 1021 pretio
379 962 476 1019 neque
506 943 603 1019 gratia
633 942 802 1000 Ciceronem
821 932 980 1018 'inpellere

128 1048 259 1117 potuere,
288 1041 335 1099 uti
367 1060 420 1117 per
443 1041 620 1116 Allobroges
644 1047 699 1097 aut
730 1040 823 1097 alium
851 1039 980 1098 iudicem

129 1140 160 1198 C.
188 1139 295 1198 Caesar
317 1139 392 1197 falso
413 1141 625 1198 nominaretur.
669 1158 739 1195 nam
762 1145 894 1214 uterque·
913 1156 1005 1195 cuma

93 1263 116 1289 ,ο
129 1236 180 1294 illo
194 1237 293 1313 gravis
307 1235 478 1293 inimicitias
493 1236 688 1293 exercebant:
711 1234 781 1292 Piso
792 1241 981 1310 oppugnatus

128 1332 160 1389 in
172 1332 283 1390 iudicio
297 1334 489 1408 pecuniarum
503 1331 734 1408 repetundarum
752 1339 873 1407 propter
886 1331 981 1390 cuius·

113 1430 195 1488 ‘dam
215 1430 408 1506 transpadani
428 1430 607 1506 supplicium
627 1430 782 1501 iniustum,
798 1429 924 1488 Catulus
943 1449 981 1487 ex

128 1529 272 1604 petitione
294 1529 485 1604 pontificatus
505 1528 572 1586 odio
592 1530 739 1600 incensus,
754 1529 832 1604 quod
847 1534 981 1585 extrema

129 1630 234 1696 aetate,
261 1627 409 1682 maxumis
422 1624 585 1682 honoribus
599 1643 680 1696 usus,
700 1625 738 1681 ab
757 1623 980 1683 adulescentulo

94 1745 117 1782 1⁵
130 1723 255 1781 Caesare
275 1724 374 1780 victus
394 1723 576 1781 discesserat.
621 1742 668 1781 res
691 1729 793 1781 autem
813 1729 1005 1799 opportunas

130 1821 295 1894 videbatur,
319 1821 399 1897 quod
426 1821 452 1878 is
475 1821 616 1898 privatim
645 1823 763 1898 egregia
790 1821 978 1894 liberalitate,

129 1918 244 1993 publice
272 1917 420 1974 maxumis
447 1917 620 1975 muneribus
652 1917 794 1994 grandem
825 1920 980 1994 pecuniam

129 2014 262 2073 debebat.
305 2016 357 2072 sed
375 2015 428 2073 ubi
450 2016 599 2074 consulem
617 2016 655 2074 ad
674 2023 794 2074 tantum
808 2016 925 2074 facinus
938 2016 1006 2083 ἰπὶ-4

128 2112 237 2189 pellere
257 2119 418 2189 nequeunt,
441 2114 498 2190 ipsi
518 2114 694 2190 singillatim
711 2115 920 2173 circumeundo
938 2121 981 2173 at-

94 2230 187 2286 roque
210 2211 402 2269 ementiundo
427 2232 553 2289 quaese
575 2232 613 2270 ex
638 2213 796 2271 Volturcio
819 2218 873 2271 aut
897 2212 982 2270 Allo-

129 2307 269 2382 brogibus
295 2307 412 2365 audisse
437 2309 577 2382 dicerent,
601 2328 739 2386 magnam
766 2310 812 2367 illi
836 2310 981 2368 invidiam

130 2405 338 2477 conflaverant,
349 2426 442 2482 usque
456 2426 490 2464 eo
504 2413 614 2466 utnon
629 2407 706 2465 nulli
717 2409 832 2484 equites
841 2409 980 2481 Romani,

130 2487 182 2576 qni
203 2500 334 2575 praesidi
352 2521 440 2560 causa
462 2523 528 2560 cum
554 2503 623 2560 telis
647 2512 733 2561 erant
754 2505 865 2562 circum
879 2504 981 2562 aedem

130 2596 317 2672 Concordiae,
344 2617 397 2656 seu
423 2599 548 2674 periculi
567 2600 782 2674 'magnitudine
809 2620 861 2658 seu
889 2601 982 2658 animi

178 2748 193 2797 7
226 2759 309 2806 neque
327 2746 410 2808 pretio
427 2761 510 2808 neque
524 2748 609 2809 gratia
623 2750 770 2798 Priscianus
786 2750 921 2813 Septimius
934 2755 981 2812 (ccc

129 2828 207 2888 botes)
218 2840 301 2887 neque
312 2826 430 2888 precibus
441 2841 524 2887 neque
535 2827 618 2888 gratia
630 2843 712 2889 neque
726 2830 809 2892 pretio
823 2832 870 2880 PC
881 2832 981 2893 (Kortte

129 2909 203 2956 Kritz
226 2908 336 2956 Kcicclu
358 2908 516 2970 Scbciirdler)
539 2923 621 2969 neque
646 2909 730 2970 gratia
757 2925 841 2971 neque
863 2912 982 2974 precibus

130 3003 212 3050 neque
223 2989 306 3052 pretio
317 3005 330 3038 s

179 3072 194 3117 8
227 3072 332 3132 potuere
342 3070 366 3118 P
376 3069 475 3132 impelli
487 3069 572 3131 quiuit
582 3072 703 3121 Priscian
712 3072 785 3121 inlici
801 3073 886 3135 quiuit
899 3078 981 3138 Septi-

130 3151 358 3213 mius-impellere
370 3152 472 3213 quivere
482 3153 591 3202 Patccbc
604 3153 718 3217 (Dieisclr
732 3155 809 3218 Wirz)

180 3232 211 3281 10
243 3232 394 3282 exercebant
405 3234 452 3282 PC
462 3233 594 3283 exercebat
601 3236 644 3296 ΡΟ

180 3314 211 3362 19
245 3311 398 3373 singillatim
411 3313 433 3362 P
445 3313 594 3375 singulatim
607 3316 629 3363 P
643 3318 678 3377 (so
689 3318 717 3364 iu
729 3318 755 3365 J.
770 3319 809 3365 42.
823 3319 847 3384 5)

180 3395 211 3442 22
245 3394 332 3441 coPC
344 3392 441 3442 adcoG
