2198 3720
233 225 271 282 3ss
428 177 464 285 C.
491 223 595 281 SALL
603 222 693 282 VSTJ
723 221 867 281 CRISP]
988 217 1023 299 [o.
1042 220 1079 275 46

231 388 299 426 cum
314 367 471 427 Volturcio
485 369 634 424 venerunt
651 371 683 422 et
704 363 793 422 simul
806 363 957 441 utrimque
971 363 1082 422 clamor

231 471 353 523 exortus
373 471 428 536 est,
448 464 529 523 Galli
550 466 610 521 cito
633 462 751 538 cognito
772 462 895 520 consilio
915 461 979 520 sine
997 480 1081 518 mora

205 587 217 623 4
230 561 417 637 praetoribus
431 581 462 620 se
472 561 606 632 tradunt,
613 560 790 618 Volturcius
798 560 894 636 primo
907 558 1080 617 cohortatus

231 664 344 716 ceteros
353 657 452 735 gladio
466 676 497 715 se
508 676 526 714 a
539 656 734 714 multitudine
749 655 892 727 defendit,
907 655 1014 714 deinde
1027 655 1089 713 ubi'

231 755 376 832 elegatis
398 755 533 813 desertus
557 760 610 827 est,
634 754 730 813 multa
749 753 832 830 prius
854 753 891 812 de
909 754 1005 812 salute
1025 772 1080 811 sua

232 851 426 930 Pomptinum
435 853 610 922 obtestatus,
620 852 699 929 quod
708 851 737 909 ei
746 857 836 910 notus
846 856 919 924 erat,
932 855 1080 928 postremo

230 948 354 1008 timidus
370 967 406 1007 ac
424 949 506 1006 vitae
522 947 659 1006 diffidens
672 947 757 1005 velut
770 946 907 1005 hostibus
921 966 984 1005 sese
997 966 1078 1023 pree-

130 1087 134 1093 ·
230 1045 345 1104 toribus
359 1045 450 1103 dedit.

169 1135 217 1204 46
291 1145 406 1214 Quibus
439 1144 528 1202 rebus
561 1143 704 1202 confectis
738 1144 839 1202 omnia
872 1162 995 1221 propere
1025 1162 1078 1220 per

206 1242 352 1299 2nunti0s
371 1241 484 1301 consuli
497 1241 696 1301 declarantur.
731 1248 765 1300 at
785 1242 870 1300 illum
889 1243 993 1318 ingens
1007 1260 1098 1299 cnra1

229 1343 320 1414 atque
344 1337 460 1396 laetitia
480 1338 569 1396 simul
593 1357 780 1415 occupavere
822 1359 891 1397 nam
910 1339 1078 1398 laetabatur

230 1435 405 1511 intellegens
429 1435 633 1494 coniuratione
656 1437 808 1513 patefacta
831 1438 984 1496 civitatem
1003 1438 1077 1514 peri-

230 1533 304 1590 culis
324 1538 456 1610 ereptam
477 1553 549 1608 esse,
564 1554 652 1612 porro
671 1541 771 1593 eutem
785 1535 893 1593 anxius
907 1542 979 1606 eret,
995 1535 1077 1594 dubi-

230 1641 297 1687 tans
318 1629 352 1686 in
369 1648 510 1687 maxumo
529 1631 637 1688 scelere
650 1632 745 1688 tantis
759 1631 874 1689 civibus
888 1631 1077 1709 deprehensis

229 1726 301 1803 quid
324 1727 403 1785 facto
424 1713 606 1804 opus'esset:
627 1748 751 1806 poenam
766 1728 885 1786 illorum
907 1729 965 1787 sibi
983 1731 1098 1802 oneri‚1

228 1822 437 1898 impunitatem
460 1825 630 1900 perdundae
644 1823 835 1901 reipublicae
849 1824 913 1883 iore
927 1825 1073 1884 credebat.

205 1917 321 1994 sigitur
344 1922 518 1979 confirmato
536 1921 635 1978 animo
653 1920 753 1979 vocari
771 1920 810 1977 ad
824 1939 886 1979 sese
905 1922 988 1980 iubet
1002 1924 1076 1981 Len-

228 2017 326 2074 tulum
338 2017 501 2095 Cethegum
516 2018 670 2077 Statilium
685 2017 847 2078 Gabinium
861 2020 992 2096 itemque
1007 2021 1076 2079 Cae-

228 2114 345 2188 parium
363 2114 613 2182 Terracinensem,
635 2115 687 2192 qui
705 2115 738 2173 in
756 2115 901 2192 Apuliam
922 2117 960 2174 ad
982 2119 1076 2176 conci-

203 2210 321 2268 etanda
331 2212 454 2270 servitia
467 2214 611 2289 proficisci
626 2214 759 2290 parabat.
801 2215 893 2272 ceteri
912 2215 976 2272 sine
993 2235 1098 2275 mora2

231 2307 363 2379 veniunt,
375 2308 535 2385 Caeparius
542 2310 631 2385 paulo
642 2315 712 2368 ante
721 2311 808 2368 domo
817 2330 950 2387 egressus
958 2314 1076 2389 cognito

41 2378 45 2386 ⁴
93 2467 98 2476 ,
204 2404 338 2466 sindicio
352 2425 390 2463 ex
403 2406 476 2464 urbe
489 2407 669 2483 profugerat
702 2407 804 2466 consul
815 2408 984 2483 Lentulum,
996 2412 1075 2487 quod

227 2507 347 2578 praetor
368 2511 442 2575 erat,
456 2504 520 2580 ipse
538 2523 630 2561 manu
647 2495 754 2562 tendns
776 2501 821 2584 [in
842 2503 993 2587 senatum]
1013 2527 1076 2584 per-

228 2597 319 2675 ducit,
334 2598 464 2675 reliquos
478 2618 545 2657 cum
560 2599 732 2658 custodibus
745 2600 888 2659 inaedem
898 2603 1076 2663 Concordiae

203 2696 329 2752 evenire
351 2695 442 2755 iubet.
484 2714 520 2754 eo
538 2701 675 2753 senatum
697 2696 824 2754 advocat
843 2717 1007 2776 magnaque
1022 2702 1076 2760 fre
1097 2743 1099 2752 «

228 2792 350 2868 quentia
371 2793 434 2850 eius
448 2793 561 2851 ordinis
575 2794 766 2852 Volturcium
780 2814 848 2853 cum
861 2796 968 2872 legatis
981 2798 1074 2856 intro-

227 2889 319 2962 ducit,
345 2890 481 2949 Flaccum
505 2897 671 2968 praetorem
694 2893 835 2951 scrinium
864 2914 929 2951 curn
955 2896 1074 2967 litteriS,

277 3062 308 3110 15
340 3066 407 3113 esset
420 3065 441 3112 0
452 3063 487 3113 sit
500 3066 521 3114 C
532 3063 656 3131 (inferior)
669 3071 724 3116 erat
735 3068 759 3116 P

276 3143 308 3192 ls
341 3143 469 3204 quendam
482 3147 562 3209 before
573 3150 602 3197 ia
613 3148 645 3197 Ρ1
657 3149 791 3212 (Dietrclt),
806 3166 833 3199 or
848 3152 914 3213 oster
927 3153 1075 3214 caeparium

230 3226 305 3274 Com.
319 3222 366 3273 PC

277 3304 307 3353 19
340 3305 539 3355 terracinensem
551 3311 596 3357 ΡΟ
607 3309 807 3360 tarracinensem
821 3314 841 3360 G
853 3314 888 3377 (so
899 3322 960 3362 most
971 3316 1074 3380 editore)

273 3389 306 3436 23
339 3387 366 3437 in
378 3391 496 3438 sonatum
508 3407 555 3440 om.
567 3393 656 3442 Kome
668 3393 783 3456 (Dietech
798 3396 863 3445 Wirz
874 3396 999 3462 Sclrmolz)
