2198 3720
142 213 179 270 46
339 212 369 271 0.
401 213 604 271 SALLVSPI
630 212 776 273 omer]
856 274 859 279 ,
902 213 989 294 [(151

141 384 201 422 nou
219 364 369 433 addidisti,
388 365 433 421 uti
452 367 535 440 prius
555 364 726 422 verberibus
744 365 776 421 iu
795 384 844 422 eos
864 365 994 421 animad-

102 490 127 518 22
140 459 327 518 verteretur?
345 457 349 536 1
368 478 406 515 an
417 458 545 534 quielex
554 459 660 517 Porcia
671 459 772 517 vetet?
789 464 821 516 st
831 460 906 517 alins
916 460 993 535 leges

139 546 214 615 iteni
237 555 439 614 condemnetis
462 557 578 614 civibus
604 576 664 613 non
689 557 819 613 animani
844 557 919 634 eripi
942 558 993 615 sed
1090 595 1092 600 ·

102 678 127 716 ²3
141 654 264 713 exilium
278 653 413 730 permitti
426 653 540 712 iubent.
572 655 691 731 anquis
705 654 825 730 gravius
839 660 885 712 est
894 656 993 713 verbe-

141 755 200 810 rari
219 772 308 830 quarn
327 752 445 809 necarit
465 752 538 828 quid
557 759 658 809 autem
676 752 814 809 acerbum
832 758 885 809 aut
903 754 1017 810 nimiss

103 876 127 912 24
140 870 230 927 grave
244 856 289 908 est
302 851 335 907 in
353 850 487 908 homines
504 852 585 908 tanti
604 850 744 908 facinoris
758 851 925 908 convictos?
946 852 992 908 sin

68 994 69 997 .
140 949 211 1024 quia
238 947 332 1004 levius
357 950 411 1018 est,
436 947 489 1023 qui
512 946 652 1004 convenit
678 946 711 1002 in
737 946 851 1004 minore
874 948 992 1023 negotio

102 1067 126 1104 25
139 1046 234 1121 legem
254 1045 369 1117 timere,
391 1064 458 1103 oum
479 1064 544 1102 eam
569 1045 601 1101 in
622 1045 733 1102 maiore
753 1045 933 1120 neglegerist
960 1052 992 1102 et

140 1143 219 1200 enim
233 1143 300 1218 quis
315 1140 519 1217 reprehendet,
534 1140 614 1216 quod
631 1141 664 1197 in
681 1140 843 1216 parricidas
861 1141 904 1197 rei
922 1142 993 1216 pub-

139 1240 212 1298 licae
226 1240 377 1297 decretum
391 1238 467 1296 erit?
487 1244 605 1315 tempus
619 1238 681 1296 dies
700 1238 829 1311 fortune,
845 1239 929 1296 ouius
946 1240 989 1297 lu·
1006 1262 1029 1286 10

140 1339 209 1396 bido
221 1337 361 1415 gentibus
375 1337 548 1395 moderatur.
591 1336 651 1393 illis
667 1337 772 1394 merito
785 1336 897 1394 accidet
911 1338 993 1413 quid-

103 1445 127 1484 26
139 1434 212 1513 quid
226 1435 366 1493 evenerit.
409 1444 539 1511 ceterum
553 1453 614 1504 vos,
627 1439 727 1509 patres
741 1433 908 1509 conscripti,
920 1435 992 1511 quid

102 1559 127 1596 η
140 1532 173 1589 in
187 1531 260 1589 elios
274 1531 414 1589 statuetis
428 1530 616 1588 considerate.
653 1531 752 1587 omnia
766 1531 844 1588 mala
857 1531 992 1608 exempla

140 1648 179 1685 ex
200 1630 288 1687 rebus
309 1629 395 1686 bonis
415 1635 481 1686 orte
502 1634 579 1685 sunt
624 1629 675 1686 sed
699 1628 751 1686 ubi
775 1628 932 1704 imperium
953 1631 990 1686 nd

139 1727 259 1802 ignaros
285 1722 374 1806 [eius]
399 1732 452 1784 out
475 1726 574 1784 minus
598 1726 690 1784 bonos
713 1727 858 1802 pervenit,
883 1747 1028 1793 nov0m15

140 1823 216 1880 illud
237 1823 404 1899 exemplum
427 1824 465 1880 eb
486 1822 584 1899 dignis
607 1828 638 1880 et
659 1823 773 1880 idoneis
793 1824 831 1881 ed
855 1824 992 1901 indignos

104 1940 128 1980 28
141 1927 172 1979 et
190 1940 251 1980 non
264 1921 384 1978 idoneos
397 1920 585 1978 transfertur.
630 1920 854 1979 Lacedaemonii
867 1923 992 2007 devietis

141 2020 377 2080 Atheniensibus
404 2019 530 2096 triginta
556 2020 635 2078 viros
661 2020 825 2097 inposuere,
851 2024 903 2099 qui
930 2044 991 2081 rem

104 2146 129 2186 29
140 2121 289 2199 publicam
307 2137 408 2176 eorum
426 2123 597 2177 tractarent.
641 2119 669 2176 ei
685 2119 780 2195 primo
793 2140 913 2197 coepere
931 2143 992 2199 pes-

141 2238 259 2278 sumum
273 2234 419 2293 quemque
435 2222 466 2274 et
484 2216 621 2274 omnibus
638 2217 768 2274 invisum
786 2218 991 2278 indemnatum
1003 2251 1028 2275 20
1085 2228 1087 2232 '

141 2336 252 2376 necere.
297 2333 332 2371 ee
353 2315 481 2390 populus
499 2315 605 2372 laetari
623 2320 655 2373 et
676 2317 782 2373 merito
804 2318 899 2376 dicere
918 2320 989 2379 fieri.

105 2441 130 2478 so
141 2422 208 2494 post
228 2416 280 2473 nbi
303 2413 448 2490 paulatim
470 2413 591 2470 licentia
612 2413 715 2486 crevit,
736 2413 823 2471 iuxta
848 2417 938 2474 bonos
962 2425 993 2476 et

142 2513 234 2571 malos
254 2511 420 2568 lubidinose
441 2509 612 2583 interficere,
632 2515 744 2568 eeteros
762 2517 844 2569 metu
863 2519 991 2573 terrere:

104 2639 129 2676 31
142 2613 185 2669 ite
199 2611 305 2668 civitas
319 2607 462 2666 servitute
473 2608 612 2684 obpressa
625 2608 735 2666 stultae
749 2608 880 2668 loetitiae
892 2613 992 2686 gravis

192 2741 206 2788 1
240 2738 268 2786 in
279 2752 324 2786 eos
335 2735 484 2785 uerberibus
497 2738 521 2785 V

192 2824 206 2868 3
239 2819 302 2867 item
314 2816 345 2866 de
356 2815 534 2866 condemnatis
548 2819 571 2866 V

192 2904 207 2951 8
239 2897 379 2960 neglegetis
390 2898 436 2946 Po
447 2895 515 2961 (moly
526 2911 570 2946 one
578 2899 698 2958 perhaps)
710 2897 850 2958 neglexeris
863 2903 909 2949 GV

192 2982 223 3030 14
254 2980 331 3030 bonis
352 2980 424 3029 POV
444 2977 591 3027 domesticis
615 2980 636 3028 0
658 2979 791 3043 (infertum
813 2997 829 3029 a
852 2985 990 3043 conjecture

142 3065 272 3125 sstpyested
291 3064 323 3125 by
338 3063 352 3122 ᾖ
369 3061 425 3124 371)
443 3075 474 3108 ex
489 3060 565 3109 bonis
582 3062 668 3110 Sonuit
684 3061 762 3124 (Wirz
777 3063 899 3124 Setmelz)
914 3079 944 3112 ex
962 3080 989 3114 re

142 3145 359 3194 bonisKltmectut

193 3225 224 3272 15
256 3225 360 3284 ignaros
372 3221 428 3271 etue
444 3223 490 3271 OV
502 3224 541 3271 the
558 3222 613 3271 eius
629 3225 674 3272 tas
690 3226 749 3273 been
763 3227 849 3274 erased
860 3228 888 3274 in
899 3228 923 3274 P
938 3231 989 3275 and

143 3311 172 3358 in
182 3320 245 3355 some
258 3306 278 3353 0
289 3305 397 3364 ignauos
410 3304 431 3352 0
443 3302 506 3368 (one)
518 3302 587 3351 ciues
601 3304 621 3351 G
634 3302 695 3368 (one)
712 3302 716 3368 1
729 3302 826 3352 bonurn
838 3307 882 3367 sor
893 3321 988 3356 novom

142 3388 256 3439 orrenda
