2198 3720
124 225 146 263 ο.
165 205 215 287 aa]
326 208 504 268 asserir
528 209 773 268 CATILINAE.
939 212 976 270 aa

123 353 271 427 publicam
292 353 442 430 agitavere
462 354 594 414 honestis
614 357 792 429 nominibus,
815 356 867 416 alii
887 357 978 416 sicuti

123 450 225 526 populi
239 451 305 508 iura
319 450 520 524 defenderent,
532 471 671 530 parsque
684 461 804 512 senatus
817 455 978 514 auctoritas

124 566 264 605 maxuma
276 548 362 619 foret,
375 548 488 607 benum
502 549 654 625 publicum
668 551 843 610 simulantes
857 571 911 628 pro
924 572 979 612 sua

125 645 248 722 quisque
270 646 405 722 potentia
426 646 589 704 certabant.
632 665 728 723 neque
751 647 812 706 illis
834 647 1002 712 modestia4

102 762 220 819 sneque
236 742 342 801 modus
362 744 561 802 contentionis
582 749 666 802 erat:
689 739 809 822 utrique
823 746 978 804 victoriam

125 841 285 899 crudeliter
293 842 476 900 exercebant
514 842 566 900 sed
580 848 736 919 postquam
751 842 803 901 On.
821 843 979 920 Pompeius
993 835 1038 904 39

125 938 164 996 ad
177 940 289 997 bellum
304 941 497 997 maritumum
512 946 602 1017 atque
616 939 857 1000 Mithridaticum
872 943 979 1000 missus

126 1042 179 1106 est,
195 1036 289 1112 plebis
310 1055 379 1113 opes
399 1036 574 1108 inminutae,
589 1055 749 1113 paucorum
770 1039 904 1114 potentia
922 1059 980 1098 cre·

126 1135 178 1193 vit.
223 1135 250 1191 ei
277 1135 469 1211 magistratus
489 1135 657 1211 provincias
678 1136 796 1213 aliaque
817 1137 918 1195 omnia
938 1144 1005 1196 tea

95 1269 119 1294 ιο
127 1252 205 1305 nere,
220 1233 278 1310 ipsi
290 1233 407 1291 innoxii
420 1233 559 1291 florentes
573 1234 636 1291 sine
649 1232 737 1291 metu
746 1239 876 1293 aetatem
895 1254 980 1310 agere

128 1337 299 1406 ceterosque
323 1329 447 1387 'iudiciis
470 1335 590 1400 terrere,
617 1348 675 1410 qua
697 1330 813 1405 plebem
835 1331 866 1387 in
892 1331 981 1406 magi-

128 1435 226 1487 stratu
240 1426 385 1505 placidius
398 1431 572 1486 tractarent.
608 1426 660 1484 sed
673 1427 725 1484 ubi
739 1427 869 1504 primum
883 1427 981 1484 dubiis
996 1453 1007 1489 s

128 1517 361 1585 rebusinovandi
380 1544 446 1601 spes
467 1515 574 1582 oblata'
587 1529 642 1595 est,
658 1529 744 1583 vetus
758 1531 908 1583 certamen
922 1525 982 1582 ani-

129 1642 192 1681 mos
206 1617 307 1680 e'cru'm
318 1621 442 1680 adrexit.
486 1621 591 1697 quodsi
611 1621 707 1698 primo
724 1621 837 1698 proelio
851 1621 1007 1680 Catilinae

98 1749 121 1786 15
130 1721 263 1798 superior
289 1726 343 1778 aut
370 1738 464 1796 aequa
497 1739 589 1777 manu
623 1719 813 1790 discessisset,
849 1718 983 1794 profecto

131 1838 238 1895 magna
262 1816 359 1874 clades
381 1826 471 1893 atque
495 1815 648 1873 calamitas
671 1834 733 1873 rem
759 1815 908 1891 publicam
932 1815 982 1872 ob·

132 1915 292 1992 pressisset,
308 1932 403 1990 neque
421 1912 489 1984 illis,
505 1912 557 1988 qui
578 1912 734 1988 victoriam
754 1911 856 1988 adepti
874 1910 983 1982 forent,

132 2014 246 2071 diutius
266 2031 301 2070 ea
315 2013 362 2069 uti
375 2011 516 2083 licuisset,
532 2011 606 2088 quin
620 2011 740 2068 defessis
754 2016 786 2067 et
799 2009 984 2086 exanguibus

134 2112 185 2190 qui
205 2112 272 2189 plus
287 2115 388 2188 posset
409 2109 567 2185 imperium
588 2112 678 2184 atque
701 2107 871 2165 libertatem
888 2111 985 2164 extor-

99 2237 124 2263 ,ο
134 2213 244 2286 queret
298 2207 382 2265 fuere
410 2215 511 2275 tamen
532 2210 620 2261 extra
647 2203 881 2262 coniurationem
910 2222 1010 2267 com-5

134 2308 243 2385 plures,
262 2305 314 2383 qui
331 2304 372 2362 ad
396 2303 557 2361 Catilinam
578 2303 666 2361 initio
687 2301 818 2379 profecti,
832 2308 910 2359 sunt.
952 2300 985 2358 in

135 2407 177 2464 eis
190 2410 255 2463 erat
269 2404 392 2462 Fulvius
406 2401 552 2460 senatoris
565 2401 653 2472 filius,
669 2420 757 2478 quem
771 2404 933 2458 retractum
948 2417 986 2456 ex

135 2504 242 2561 itinere
255 2521 362 2578 parens
375 2501 474 2558 necari
488 2500 583 2557 iussit.

196 2598 295 2656 Isdem
306 2597 488 2672 temporibus
505 2596 617 2653 Romae
632 2594 789 2669 Lentulus,
805 2593 894 2652 sicuti
908 2583 1012 2651 (lati-6

169 2761 200 2808 ’4
232 2759 284 2808 illis
302 2774 353 2807 war
372 2758 457 2807 61111611
476 2764 520 2828 out
544 2757 575 2819 by
599 2758 691 2805 Gruter
708 2751 816 2817 (Kortte)
833 2764 918 2812 neque
935 2748 988 2798 illis

137 2838 264 2890 modestia
274 2853 358 2901 neque
369 2836 462 2886 modus
472 2835 516 2884 his
526 2837 639 2884 Eussner

187 2919 217 2968 11
251 2922 398 2979 ceterosque
413 2917 458 2965 Po
473 2929 523 2976 que
543 2930 589 2978 om.
601 2913 657 2962 1³¹0
674 2916 711 2976 (ao
727 2919 790 2962 meat
807 2909 909 2974 editors]
924 2909 929 2975 1
944 2908 989 2970 qui

138 3003 213 3050 Kritz
224 3000 329 3056 ceteros,
338 2997 383 3060 qui
393 2995 496 3059 plebem
503 2993 532 3043 in
543 2993 697 3056 magistratu
704 2991 831 3056 placidius
839 2990 988 3047 tractarent,

139 3081 242 3132 iudiciis
252 3083 348 3130 terrere
358 3080 460 3129 11116611

189 3166 220 3213 12
253 3162 399 3213 tractabant
409 3165 432 3210 16
444 3160 569 3209 6611661611
580 3165 605 3207 to
616 3157 757 3207 tractarent
768 3157 797 3204 111
808 3154 831 3201 P

190 3247 220 3295 17
254 3244 277 3293 si
283 3245 328 3307 ser
338 3241 384 3304 qui
393 3240 499 3291 Dietact

190 3326 222 3374 22
254 3321 353 3372 fuluius
369 3321 428 3370 Pae
441 3316 507 3366 fului
524 3333 553 3367 or
568 3331 591 3366 a.
608 3316 674 3366 fului
685 3332 705 3364 1.
739 3315 844 3363 11161661
857 3319 915 3373 puts
928 3310 951 3357 Α
962 3312 996 3356 {a

142 3407 264 3457 brackets.

217 3514 279 3557 us.
439 3478 441 3482 ὗ
857 3562 860 3568 .
934 3476 959 3525 Ἃ
