2198 3720
127 232 148 270 c.
167 209 218 292 55]
334 210 508 268 BELDVM
530 209 776 269 CATILINAE.
941 205 978 262 55

127 363 234 420 tentus
253 377 306 432 sua
329 358 492 435 neglegere,
515 357 592 415 nihil
621 357 767 432 denegare
795 353 875 431 quod
902 353 980 412 dono

127 455 250 530 dignum
265 460 348 526 esset,
359 454 417 512 sibi
432 473 571 530 magnum
582 452 738 529 imperium
748 451 913 509 exercitum
921 449 980 507 bel·
1020 447 1023 450 ’

127 551 190 608 lum
204 569 311 609 novom
326 551 495 627 exoptabat,
512 549 565 607 ubi
580 550 677 608 virtus
691 548 853 607 enitescere
871 552 976 624 posset.

127 654 160 707 at
174 648 281 707 Catoni
297 639 430 706 studium
451 647 612 706 modestiae
633 647 755 719 decoris,
770 646 822 704 sed
840 663 979 702 maxume
992 662 1004 700 s

103 747 294 808 saeveritatis
321 752 393 806 erat.
437 767 498 805 non
525 747 641 806 divitiis
668 766 735 804 cum
763 744 857 802 divite
884 755 1005 820 nequet

127 842 257 901 factione
270 862 337 902 cum
351 841 482 918 factioso,
499 843 551 902 sed
564 863 631 902 cum
645 838 766 902 strenuo
781 843 895 900 virtuto
912 859 979 898 cum

127 940 258 999 modesto
272 938 385 1017 pudore
397 959 464 998 cum
475 940 633 1000 innocente
643 939 826 999 abstinentia
835 938 977 1011 certabat,

127 1055 190 1094 esse
213 1056 302 1113 quam
326 1036 423 1095 videri
446 1037 541 1097 bonus
565 1037 713 1097 malebat:
736 1036 780 1094 ita
801 1055 859 1112 quo
880 1034 979 1093 minus

128 1135 248 1210 petebat
261 1125 395 1210 gloriam,
410 1153 444 1192 eo
458 1134 552 1211 magis
566 1133 650 1191 illum
666 1134 851 1210 sequebatur.

94 1264 118 1292 ιο
188 1232 360 1309 Postquam,
383 1239 419 1291 ut
438 1232 512 1306 dixi,
527 1239 648 1290 senatus
668 1233 702 1288 in
722 1230 844 1289 Catonis
864 1237 979 1289 senten·
993 1227 1035 1297 55

128 1329 201 1387 tiam
216 1328 359 1402 discessit,
375 1329 477 1387 consul
491 1334 648 1405 optumum
662 1328 745 1396 iactu
759 1334 842 1385 ratus
862 1333 978 1386 noctem

128 1447 203 1504 quae
221 1427 354 1486 instabat
371 1433 554 1504 antecapere,
569 1426 681 1503 nequid
700 1445 735 1484 eo
748 1427 845 1502 spatio
859 1445 979 1484 novare·
1047 1437 1051 1445 '

127 1531 187 1598 tur,
208 1525 383 1583 triumviros
409 1545 485 1602 quae
513 1521 575 1607 [ed]
602 1524 780 1602 supplicium
808 1523 979 1601 postulabat

128 1641 232 1698 parare
244 1623 336 1695 iubet,
351 1622 414 1699 ipse
428 1622 582 1700 praesidiis
596 1622 748 1700 dispositis
762 1621 924 1679 Lentulum
945 1621 977 1678 in
991 1651 1002 1676 2

95 1745 119 1784 15
128 1738 270 1777 carcerem
293 1718 419 1779 deducit.
463 1718 541 1777 idem
565 1719 600 1777 fit
622 1719 727 1777 ceteris
745 1737 799 1794 per
818 1727 973 1794 praetores

129 1817 220 1873 estin
234 1834 349 1874 carcere
363 1815 444 1874 locus
457 1815 536 1892 quod
549 1816 721 1874 Tullianum
735 1815 910 1891 appellatur,
926 1817 977 1873 ubi
991 1842 1001 1876 a

129 1913 283 1990 paululum
303 1912 468 1970 ascenderis
484 1913 522 1970 ad
541 1913 665 1984 laevam,
685 1912 803 1970 circiter
822 1911 976 1970 duodecim

129 2011 217 2087 pedes
235 2011 320 2069 humi
337 2012 498 2088 depressus.
542 2031 610 2069 eum
629 2012 770 2076 muniunt
783 2010 915 2086 undique
929 2030 1001 2086 pa-4

129 2110 218 2167 rietes
245 2116 334 2186 atque
361 2108 482 2185 insuper
512 2126 628 2165 camera
661 2106 786 2183 lapideis
814 2106 976 2164 fornicibus

94 2229 121 2259 ιο
129 2206 239 2277 iuncta,
249 2205 300 2263 sed
314 2204 429 2262 incultu
443 2204 574 2262 tenebris
588 2203 677 2262 odore
691 2204 778 2262 foeda
791 2209 881 2280 atque
894 2203 977 2260 terri-

130 2302 197 2359 bilis
210 2302 274 2359 eius
287 2301 375 2358 facies
389 2305 441 2358 est.
474 2299 507 2356 in
521 2319 589 2357 eum
599 2300 697 2358 locum
706 2306 862 2376 postquam
873 2299 977 2357 demis·
990 2322 1001 2358 s

67 2388 69 2392 ⁵
129 2419 179 2456 sus
193 2405 237 2456 est
251 2398 406 2471 Lentulus,
419 2397 550 2455 vindices
564 2417 664 2456 rerum
678 2399 858 2475 capitalium,
868 2398 977 2475 quibus

177 2654 192 2702 9
225 2666 255 2700 eo
265 2650 340 2700 illum
350 2650 432 2712 magis
445 2651 598 2712 sequebatur
612 2653 754 2714 Aupuaticc
765 2665 796 2702 ec
807 2648 891 2713 magis
901 2649 976 2701 illum

129 2730 312 2793 assequebatur
322 2730 368 2781 Po
385 2730 459 2780 illam
472 2732 493 2780 G
510 2730 697 2792 sequebaturo
718 2729 781 2797 (occ)
794 2745 825 2780 eo
835 2731 920 2793 magis
930 2729 976 2781 illa
1009 2735 1011 2740 '

129 2813 301 2875 sequebaturc
312 2810 376 2878 (occ)
388 2811 575 2879 (Dionem-eo
583 2814 667 2876 magis
675 2813 750 2862 illum
759 2827 789 2863 ea
798 2827 818 2865 s.
830 2813 978 2863 Schctmllcr

178 2897 208 2944 13
241 2895 362 2945 tresviros
371 2897 477 2945 Dictaeis
485 2897 551 2946 Wirz
561 2896 676 2945 Sclmmlc
691 2893 695 2963 Ι
710 2894 742 2944 ad
749 2895 977 2945 crcaedorwritten

128 2991 186 3024 over
197 2977 236 3024 tbc
246 2976 296 3024 linc
308 2978 337 3024 tn
349 2990 412 3025 come
425 2975 625 3038 Opostulabant
639 2977 660 3024 O
671 2975 736 3040 (occ)

178 3058 208 3107 17
241 3055 387 3104 ascenderis
417 3057 463 3107 Po
491 3056 652 3107 descenderis
671 3074 685 3106 z
709 3058 833 3123 (ricluly
852 3057 975 3121 perhaps¹

128 3137 235 3196 Jordan)

178 3215 209 3262 20
241 3213 330 3263 innota
338 3215 384 3263 PG
394 3214 483 3264 uincta
496 3217 516 3264 0
529 3215 533 3280 Ι
548 3214 650 3264 incultu
658 3216 705 3264 Po
714 3214 815 3264 inculta
827 3216 848 3264 0

177 3296 208 3342 22
241 3295 975 3347 uindicesOetindicesPGz-Korttcstructoutuindices

129 3392 149 3424 r.
162 3376 314 3438 capitalium
