2198 3720
32 126 50 183 4
238 126 271 186 c.
301 129 507 190 ιιιιιιιι
533 129 712 190 cenam,
759 202 761 207 ¹
814 131 885 211 [ιι

31 275 122 347 atque
135 270 274 348 periculis
288 273 438 350 requievit
451 279 482 332 et
497 274 572 331 mihi
590 274 735 351 reliquam
756 279 885 333 aetatem

33 388 50 425 a
76 388 109 426 re
133 370 259 473 publice
261 372 380 465 procul
403 372 572 496 habqndam
595 372 734 473 (ιιοιιιι,
744 392 810 465 non
825 372 887 431 luit

34 466 189 525 consilium
216 448 350 526 sdcordia
368 474 467 546 atque
476 434 622 528 i(dissidia
646 456 774 550 boniim
764 456 892 550 otim

6 560 195 641 ἱιιιιιιιιίιι,
209 584 305 641 neque
324 586 395 625 vero
413 586 517 643 agrum
539 567 666 624 colundo
682 573 737 625 aut
749 560 887 647 elenando

10 661 192 719 nservilibus
215 663 319 726 officiis
342 663 495 722 intentum
517 671 647 722 aetatem
668 684 773 741 agere;
798 663 849 723 sed
870 683 914 722 as

35 777 94 834 quo
107 758 226 835 incepto
240 759 398 836 studioque
413 779 459 818 me
473 761 597 818 ambitio
611 761 689 818 mala
708 761 887 833 detinuerat,

36 854 138 913 eodem
162 875 312 932 regressus
333 857 427 915 statui
449 875 497 914 res
516 863 615 934 gestas
635 858 738 935 populi
759 859 888 916 Romani

36 952 171 1043 ewini,
197 959 233 1011 ut
256 973 390 1030 quaeque
414 955 556 1011 memoria
583 954 675 1031 digna
699 956 887 1028 videbantur,

38 1050 236 1126 perscribere;
258 1071 294 1110 eo
307 1053 410 1130 magis,
425 1054 504 1131 quod
518 1053 592 1111 mihi
605 1073 625 1111 a
642 1072 703 1132 spe,
717 1061 809 1125 metu,
825 1074 890 1132 par·

16 1149 119 1214 stibus
145 1149 190 1206 rei
218 1150 352 1226 publicae
379 1153 496 1210 animus
522 1153 599 1211 liber
622 1158 693 1211 erat
737 1153 831 1229 igitur
852 1152 890 1212 de
905 1175 930 1205 ιο

39 1246 186 1305 Catilinae
200 1248 404 1307 coniuratione
419 1269 508 1326 quam
522 1250 684 1308 verissume
697 1254 802 1327 potero
820 1268 891 1326 pau-

16 1344 81 1407 4ois
95 1343 263 1402 absolvam:
284 1364 353 1402 nam
368 1345 399 1402 id
413 1345 530 1404 facinus
544 1346 695 1424 inprimis
711 1365 766 1423 ego
784 1365 891 1405 memo

16 1442 132 1508 srabile
142 1443 290 1501 existumo
304 1444 423 1502 sceleris
436 1451 526 1522 atque
540 1445 665 1523 periculi
678 1445 821 1504 novitate.
836 1445 891 1503 -de

40 1538 124 1597 cuius
134 1538 263 1597 hominis
273 1540 405 1599 moribus
415 1560 510 1618 pauca
517 1541 601 1618 prius
611 1540 800 1618 explananda
809 1547 889 1615 sunt,

40 1658 129 1715 quam
142 1637 264 1696 initium
278 1638 421 1695 narrandi
435 1637 550 1697 faciam.
905 1666 929 1705 ις

7 1745 28 1814 5
101 1736 135 1794 L.
157 1735 295 1807 Catilina,
310 1735 404 1794 nobili
421 1754 528 1812 genere
546 1743 646 1807 natus,
660 1736 721 1794 fuit
740 1757 847 1814 magna
860 1738 892 1795 vi

40 1840 73 1893 et
93 1834 185 1892 animi
209 1840 241 1892 et
264 1833 394 1911 corporis
415 1833 466 1891 sed
490 1834 609 1911 ingenio
633 1835 712 1892 malo
732 1854 890 1912 pravoque.

18 1931 111 1989 huic
124 1931 162 1988 ab
176 1930 378 1989 adulescentia
388 1930 484 1988 bella'
476 1931 620 1989 intestina
619 1932 751 2006 ,caedes
761 1933 891 2009 rapinae,

42 2029 188 2088 discordia
215 2029 313 2088 civilis
339 2034 426 2106 grata
452 2028 545 2102 fuere,
575 2029 676 2107 ibique
702 2030 893 2089 iuventutem

19 2147 126 2191 seuam
144 2127 287 2185 exercuit.
329 2145 435 2203 corpus
449 2126 566 2204 patiens
579 2108 706 2205 liena,
720 2123 838 2205 algoris,
852 2129 893 2186 ιι-
905 2159 933 2191 ιο

19 2226 130 2303 ιςιιιιι
150 2243 243 2313 supra
261 2241 351 2303 quam
369 2224 507 2299 cuiquam
526 2223 667 2281 credibile
681 2230 734 2286 est
776 2225 894 2284 animus

43 2301 305 2383 audaxsubdelus
325 2322 436 2395 varius,
459 2322 544 2402 cuius
564 2321 608 2380 rei
629 2322 714 2381 lubet
738 2323 894 2382 simulator

43 2441 77 2480 ae
97 2419 309 2489 dissimulator,
328 2418 418 2476 alieni
430 2394 590 2496 adpetens,
612 2418 660 2475 sui
679 2420 828 2496 profusus,
850 2440 895 2479 ar-

44 2519 138 2609 deus
129 2538 163 2576 ιιι
176 2516 408 2595 cupiditatibus:
430 2518 504 2575 satis
518 2517 715 2593 eloquentiae,
730 2518 895 2594 sapientiae

18 2600 156 2695 spadum.
201 2623 304 2674 vastus
331 2617 449 2674 animus
476 2614 671 2687 inmoderata,
699 2615 921 2689 incredibilia,
910 2653 933 2689 5

22 2715 134 2776 enimis
147 2714 209 2772 alta
221 2733 337 2791 semper
351 2715 497 2792 cupiebat
493 2700 537 2795 s
541 2714 625 2790 hunc
626 2717 715 2800 post
721 2712 897 2793 dominatio-

44 2832 125 2909 nem
134 2813 168 2895 L
180 2811 305 2899 Sullae
309 2812 413 2881 lubido
426 2831 570 2876 maxume
580 2812 733 2875 invaserat
745 2830 790 2868 rer
781 2811 897 2887 'publi-

46 2931 96 2969 cae
107 2882 283 2989 capiundae,
298 2929 394 2988 neque
407 2910 439 2968 id
453 2912 561 2987 quibus
571 2909 666 2968 modis
675 2908 897 2985 adsequeretur,

4 2589 29 2633 l<

94 3141 126 3189 22
159 3140 232 3191 ouius
243 3138 281 3189 rei
291 3139 354 3189 libet
365 3141 411 3190 Po
421 3141 520 3188 Nonius
530 3137 603 3186 cuius
615 3136 679 3186 libet
690 3136 727 3186 rei
738 3138 761 3189 0

95 3222 128 3270 24
159 3222 319 3285 eloquentiae
335 3223 382 3272 Pe
397 3222 546 3271 Priscianus
564 3222 658 3269 Fronto
675 3217 821 3280 loquentiac
841 3219 899 3267 Pro·

105 3301 142 3361 [ic
155 3304 264 3366 Gallica)
