2198 3720
155 249 193 307 84
375 249 595 309 SALLUSPS
622 249 671 309 CA
680 250 834 308 rJLINJr.
978 248 1015 331 [x.
1034 254 1051 307 5

154 395 175 444 it
183 393 206 443 is
214 393 297 456 rerely
305 393 422 444 followed
431 393 465 457 by
473 394 518 443 the
530 394 669 454 infinitive3
688 411 727 457 ep.
740 396 796 443 Liv.
806 398 830 446 9.
840 396 879 445 41.
892 396 906 445 5
917 397 1052 457 Tarquini-

154 474 234 509 ensem
244 467 310 508 metu
320 461 450 522 subeperat
455 461 610 522 frumentum
621 464 743 510 exercitui
751 463 880 522 praebere.

203 541 227 591 6.
261 545 384 600 eentegte
395 545 473 600 quest
483 546 637 600 pestilentis
647 543 758 604 tnvsstt]
772 541 828 590 ‘the
840 539 1054 589 morelinfeetion

155 605 246 667 spread
259 605 311 654 like
324 620 358 654 en
372 605 516 667 epidemie’.
552 607 598 668 Op.
610 607 649 657 86.
664 610 679 657 5
694 614 767 656 tanta
781 609 820 655 eis
835 608 913 654 morbi
929 621 959 654 ae
973 607 1054 654 ueluti

156 673 223 720 tabes
236 673 367 733 pterosque
387 673 481 720 ciuium
503 669 604 720 animos
620 674 757 721 inuaserat.
791 671 815 720 J.
833 673 871 720 32.
892 671 908 718 4
926 677 999 719 tenta
1014 673 1053 718 uis

156 737 282 784 auaritiae
293 734 322 784 in
333 735 434 784 animos
445 751 528 785 eorum
538 739 618 785 ueluti
631 739 697 786 tabes
709 740 844 785 inuaserat.
882 735 993 784 Observe
1008 734 1054 783 the

156 800 252 862 variety
263 800 291 848 of
300 801 476 849 eonstruetion
487 801 553 850 after
564 803 691 850 inuadere.
726 801 772 851 See
783 803 844 849 note
856 815 890 849 on
902 802 925 849 2.
938 801 960 850 5.

107 929 110 934 .
205 889 358 953 Oh.11,1.
394 892 678 953 animos...exercebet]
706 890 847 940 ‘Left...no
863 891 935 939 rest’.
968 888 1013 948 Op.
1028 889 1051 938 9.

157 956 172 1003 2
189 957 415 1006 discordias...eum
432 957 542 1005 hostibus
559 958 711 1006 exercebant.
748 955 803 1003 Liv.
816 956 854 1004 39.
870 955 901 1002 40
912 956 1053 1002 simultates

153 1022 238 1084 plures
249 1028 274 1069 et
284 1028 446 1069 exercuerunt
457 1035 511 1069 eum
523 1029 546 1069 et
558 1022 611 1082 ipse
623 1021 733 1069 exercuit
745 1035 795 1069 eas.

205 1108 313 1162 propius
324 1105 463 1166 virtutem]
496 1102 550 1152 The
561 1102 738 1163 somperisone
750 1102 778 1151 of
785 1118 862 1165 prope
876 1101 941 1150 heve
952 1101 1055 1149 various

157 1167 347 1216 construetione
363 1168 390 1215 in
409 1168 433 1218 S.
470 1168 577 1231 Propior
592 1167 655 1216 with
671 1167 705 1230 (1)
722 1168 774 1217 det.
793 1182 867 1216 enee:
886 1170 956 1215 cuius
974 1169 1054 1214 aetati

156 1247 220 1282 mors
232 1235 336 1295 propior
352 1240 395 1281 est.
431 1234 462 1298 (2)
481 1233 527 1282 eb:
551 1235 616 1295 quod
632 1234 709 1281 multo
728 1235 832 1294 propius
855 1239 891 1280 est
913 1233 943 1279 ab
962 1246 988 1279 eo
1007 1246 1054 1292 quo

158 1300 240 1359 apitat
261 1304 339 1346 statu.
380 1296 414 1362 (3)
439 1312 502 1346 ηοω
531 1300 583 1359 ipse
603 1301 707 1359 propior
728 1305 908 1347 enerues...suos
931 1297 1052 1345 conlocat.

158 1364 265 1424 Propior
282 1360 360 1426 (adv.)
376 1360 439 1410 with
454 1361 598 1410 eeeusetive
612 1361 681 1410 here.
711 1362 841 1410 Proximus
858 1360 920 1408 with
937 1361 971 1426 (1)
988 1360 1055 1410 det:

155 1442 288 1491 proxumos
303 1435 386 1476 nostro
402 1429 467 1475 mari
485 1429 557 1476 loces.
592 1429 626 1488 (2)
645 1427 711 1475 ebl.:
735 1442 765 1474 ea
783 1429 836 1474 toea
853 1442 917 1488 errae
932 1441 1056 1486 pror-mna

160 1493 314 1552 Carthagine
331 1493 455 1540 Numidia
472 1493 623 1554 appellatur.
659 1493 693 1553 (3)
712 1505 778 1539 aee:
801 1494 830 1538 in
847 1493 946 1538 deutero
967 1493 1053 1548 latere,

159 1558 224 1619 qnod
236 1571 384 1618 proxumum
401 1558 478 1605 hostis
494 1563 557 1605 erut.
592 1557 627 1618 (4)
645 1570 675 1604 es
693 1556 773 1604 subet.
791 1554 854 1604 with
870 1570 940 1616 gem:
961 1556 1055 1603 Boeebi

56 1679 59 1684 ¹
155 1637 296 1685 presumas.

208 1706 232 1753 2.
264 1703 557 1766 1εη5νοε]1.θ.1ρηαυτιε.
575 1701 1054 1762 Seeleewherenouosnoeormpraeom,

159 1770 227 1818 uiuos
240 1770 393 1830 (notmannis,
408 1767 477 1832 ete).

207 1855 269 1901 nme
283 1855 348 1911 qma
363 1857 446 1901 bonae
461 1855 534 1900 artes
551 1850 824 1911 desunt...oontend1t]
859 1849 935 1898 Some
951 1849 1058 1897 inferior

160 1916 226 1966 MSS
242 1916 308 1964 heve
320 1918 368 1971 bio,
380 1916 427 1963 but
440 1917 497 1964 huie
512 1914 535 1963 ie
546 1930 580 1963 no
595 1915 676 1964 doubt
691 1914 768 1976 right.
804 1913 876 1962 Kritz
893 1917 983 1974 quotes
1000 1914 1056 1962 Liv.

161 1982 242 2030 5.1.8
253 1981 377 2029 Romanis
389 1982 435 2028 etsi
447 1982 547 2041 quietae
558 1996 596 2028 res
608 1995 638 2028 eu
649 1982 758 2028 Etruria
769 1981 961 2037 nuntiabuntur,
975 1987 1058 2027 tumen

163 2048 232 2097 ...ita
243 2047 400 2107 muniebatur.
437 2046 476 2095 21.
497 2046 535 2093 18.
554 2046 568 2093 3
585 2045 693 2093 Romani
711 2042 766 2108 (not
782 2045 911 2108 Romanis)
926 2051 1058 2104 postquam

163 2112 341 2171 Carthaginem
352 2116 471 2158 uenerunt
482 2124 537 2158 eum
547 2118 647 2158 senatus
659 2111 732 2158 datus
743 2116 813 2158 esset.
837 2109 864 2156 0.
873 2109 912 2156 52.
922 2110 953 2156 34
964 2110 1057 2168 Quibus

160 2177 184 2225 si
196 2177 328 2237 qumquam
339 2190 455 2237 umquem
462 2177 536 2237 pensi
542 2176 643 2238 suisset,
656 2190 705 2223 nou
716 2190 746 2223 ea
757 2175 863 2223 comitia
875 2175 903 2221 de
915 2188 941 2221 re
953 2175 1058 2235 publicu

162 2242 311 2290 imbuissent.

211 2324 234 2372 3.
267 2326 384 2372 evertite.
393 2326 519 2378 pecuniae
530 2325 648 2371 studtum
659 2321 750 2382 hebet]
768 2319 906 2368 ‘inoludes’
921 2319 1003 2383 (Oete,
1016 2334 1057 2380 ap.

163 2387 227 2438 Gell.
246 2388 284 2438 11.
303 2389 477 2435 mauritium
492 2389 576 2435 omnia
594 2388 664 2435 uitia
684 2387 772 2434 babere
788 2386 932 2446 putabant),
949 2399 978 2432 or
995 2400 1058 2432 even

164 2451 286 2502 ‘eonsists
303 2451 342 2500 in'
360 2450 422 2513 (cie.
442 2451 500 2500 Fin.
518 2452 541 2499 1.
558 2452 598 2499 13.
615 2450 646 2497 42
662 2451 835 2511 pubematom's
853 2465 904 2508 urs,
922 2452 984 2511 quia
1000 2452 1058 2498 bene

162 2519 303 2578 navipandi
313 2519 437 2565 rationem
449 2515 541 2581 habet).

211 2598 371 2658 eoneuptwtt]
404 2598 456 2646 Not
467 2611 482 2645 a
493 2595 594 2658 gnomis
610 2595 700 2645 eorist:
718 2594 762 2644 the
774 2610 847 2644 sense
857 2596 880 2644 is
895 2599 940 2644 ‘no
952 2610 1001 2644 one
1012 2595 1059 2643 hes

163 2663 192 2712 in
202 2662 247 2712 the
258 2663 318 2724 pest
329 2660 381 2711 and
392 2660 518 2711 therefore
529 2660 581 2710 will
591 2664 638 2722 ¹not
648 2660 677 2709 in
688 2660 732 2710 the
743 2661 828 2710 future
835 2661 852 2710 '.
880 2660 926 2721 Cp.
939 2661 967 2710 Ο.
980 2661 1058 2708 5815

163 2743 232 2778 nemo
243 2729 295 2776 nisi
305 2728 386 2776 vietur
397 2728 486 2774 betium
493 2741 557 2788 paee
568 2727 682 2776 mutarit.
708 2725 737 2774 O.
750 2726 789 2774 51.
802 2727 816 2772 2
830 2725 881 2773 end
894 2726 932 2772 11.
956 2724 980 2774 J.
992 2726 1032 2772 42.
1045 2726 1059 2770 4

164 2808 228 2856 qnae
249 2807 288 2841 res
306 2792 451 2853 plerumque
470 2805 572 2852 mapnas
594 2792 711 2839 ciuitates
727 2805 825 2852 pessum
846 2791 924 2838 dedit.
964 2790 1005 2838 85.
1028 2790 1059 2839 49

164 2860 255 2907 etenim
275 2871 343 2905 nense
365 2857 471 2918 ipnauiu
491 2857 632 2904 inmortalis
649 2857 736 2918 faetus
756 2862 801 2903 est.
835 2856 890 2903 102.
914 2857 929 2905 7
944 2855 1060 2916 parentis

165 2923 260 2971 abunde
283 2922 406 2980 babemus,
425 2921 560 2969 amicorum
580 2935 659 2982 neque
680 2921 751 2968 nobis
773 2933 851 2980 neque
873 2921 990 2980 cuiquem
1012 2933 1059 2968 om

164 2990 235 3036 nium
251 2988 314 3035 satis
326 2987 391 3048 fuit.
427 2983 481 3034 'I'he
500 2984 582 3034 Greek
598 2983 701 3045 gnomis
718 2983 798 3034 eorist
815 2982 932 3032 however
949 2983 973 3032 is
990 2984 1060 3032 often

165 3049 284 3101 imitated
293 3048 328 3112 by
338 3048 427 3111 Virgil.
464 3048 496 3099 G.
509 3051 531 3100 1.
546 3050 586 3107 49,
598 3051 646 3098 eto.

213 3136 323 3182 venenis
333 3131 421 3192 msere]
455 3130 579 3179 Venenum
589 3129 612 3179 is
623 3129 688 3178 used
699 3128 794 3191 always
805 3128 838 3190 by
849 3127 936 3177 Cicero
948 3142 977 3177 es
989 3141 1004 3177 a
1015 3142 1062 3176 eos

166 3199 245 3255 mala3
262 3197 285 3245 it
296 3195 319 3245 is
329 3195 444 3245 however
457 3194 558 3257 strictly
569 3209 584 3244 e
594 3209 641 3244 voe
654 3196 745 3245 nudie.
781 3193 832 3243 (tie.
847 3193 950 3242 cluent.
961 3193 1001 3242 54.
1015 3193 1061 3241 148

168 3262 260 3326 (where
275 3260 309 3309 he
323 3259 345 3308 is
362 3259 469 3320 quoting
481 3273 496 3308 a
508 3260 566 3319 lew)
579 3262 623 3321 qui
636 3273 756 3308 uenenum
770 3261 862 3306 matum
869 3259 942 3318 feeit.
980 3257 1062 3305 Gaius

168 3341 226 3388 says
238 3327 283 3388 qui
293 3339 412 3373 uenenum
423 3325 495 3384 dicit,
509 3326 606 3371 adicere
623 3325 693 3372 debet
708 3331 791 3372 utrum
805 3324 898 3371 maium
912 3337 946 3369 en
962 3322 1061 3369 bonum:

163 3407 223 3440 rrum
234 3398 260 3439 et
270 3392 447 3439 uredicamente
458 3404 552 3437 venerae
563 3395 629 3438 suut.
