2198 3720
100 168 138 225 aa
306 168 339 228 ο.
369 168 575 229 saravum
601 170 747 230 aaran!
857 130 945 252 [aar

98 315 231 375 familiae
245 317 377 395 Capuam
398 325 429 378 et
449 319 482 376 in
500 324 599 378 cetera
617 320 779 398 municipia
793 320 950 380 distribue-

98 418 203 471 rentur
220 433 274 490 pro
291 415 433 492 cuiusque
454 416 567 492 opibus,
588 417 702 475 Romae
718 437 772 494 per
788 423 884 477 totam
904 439 950 476 ur-

97 513 164 569 bem
178 512 298 590 vigiliae
310 514 493 573 haberentur
501 515 601 592 eisque
614 515 743 574 minores
756 517 949 594 magistratus

23 624 67 674 τ’·
90 617 275 688 praeessent.

14 699 17 707 ’
41 718 85 789 31
161 708 277 778 Quibus
298 710 386 768 rebus
410 715 545 787 permota
567 711 673 770 civitas
691 718 781 789 atque
800 713 974 781 demutatas

99 806 181 863 urbis
195 806 286 865 facies
299 812 371 865 erat.
403 826 442 865 ex
454 825 570 866 summa
584 808 701 866 laetitia
714 815 804 886 atque
817 809 947 882 lascivia,

99 924 174 982 quae
195 905 340 964 diuturna
360 907 444 984 quies
461 913 624 985 pepererat,
640 913 761 985 repente
774 894 948 968 omniatris

75 1033 86 1059 ε
99 1003 168 1060 titia
182 1001 313 1062 invasit:
334 1003 474 1062 festinare
488 1004 646 1079 trepidare,
661 1023 757 1081 neque
771 1006 835 1063 1000
853 1024 949 1082 neque

1 1155 4 1164 ,
98 1099 212 1157 homini
225 1100 363 1177 cuiquam
377 1100 450 1162 satis
463 1100 590 1172 eredere,
604 1120 701 1178 neque
718 1101 830 1159 bellum
848 1121 948 1178 gerere

12 1182 20 1192 Δ
98 1215 194 1272 neque
217 1216 317 1273 pacem
342 1196 459 1269 habere,
483 1205 536 1255 suu
560 1198 684 1275 quisque
707 1204 790 1257 metu
817 1199 948 1275 pericula
962 1234 985 1258 10

74 1295 205 1359 emetiri
249 1295 287 1352 ad
300 1294 356 1353 hoe
370 1296 518 1369 mulieres,
533 1297 642 1373 quibus
659 1297 703 1355 rei
721 1294 857 1375 publicae
871 1317 947 1374 mag-

98 1392 237 1451 nitudine
263 1392 335 1451 belli
358 1392 449 1451 timor
461 1393 600 1451 insolitus
617 1395 786 1466 incesserat,
807 1393 948 1453 afflictare

98 1509 170 1563 sesa,
184 1509 291 1548 manus
310 1489 457 1566 supplices
476 1489 514 1547 ad
533 1491 647 1548 caelum
668 1490 798 1562 tendere,
813 1492 948 1549 miserari

97 1609 205 1667 parvos
228 1589 343 1660 liberos,
371 1589 509 1665 rogitare,
538 1591 638 1648 omnia
665 1608 782 1666 pavere,
810 1591 948 1667 superbia

98 1695 189 1767 atque
203 1687 316 1746 deliciis
330 1688 446 1746 omissis
459 1689 516 1746 sibi
530 1690 703 1767 patriaeque
717 1689 857 1749 diffidere.
961 1717 983 1753 ιε

74 1822 87 1860 4
158 1786 206 1844 At
220 1784 366 1843 Catilinae
384 1784 512 1843 erudelis
532 1786 649 1844 animus
670 1786 772 1844 eadem
786 1786 839 1844 illa
852 1806 948 1846 move·
1017 1787 1035 1843 f

98 1885 160 1956 bat,
192 1882 311 1939 tametsi
344 1881 493 1959 praesidia
519 1884 703 1958 parabantur
728 1889 760 1943 et
793 1885 856 1961 ipse
883 1883 948 1960 lege
976 1820 1047 1972 ζγ

75 1980 220 2042 sPlautia
240 1980 441 2055 interrogatus
462 1984 527 2036 erat
545 1979 583 2036 ab
605 1979 639 2038 L.
654 1979 756 2040 Paulo.
798 1991 948 2057 postremo

98 2076 305 2136 dissimulandi
319 2095 407 2134 eausa
421 2079 476 2134 aut
488 2076 535 2133 sui
553 2077 747 2153 expurgandi,
761 2077 860 2134 sicut
851 2079 956 2154 iurgio
948 2000 1023 2155 {ix

73 2175 251 2234 elacessitus
264 2173 376 2247 foret,
367 2192 400 2230 m
413 2178 550 2231 senatum
559 2157 758 2255 venitffin
772 2174 813 2232 M.
831 2175 985 2232 Tulliusoeo

99 2274 210 2346 consul,
232 2273 295 2331 sive
315 2271 514 2350 praesentiam
533 2271 597 2330 eius
617 2274 727 2331 timens
744 2273 807 2331 sive
821 2274 867 2331 ira
880 2293 946 2331 eon·

98 2378 205 2443 motus,
224 2368 388 2428 orationem
408 2368 515 2426 habuit
535 2369 717 2450 luculentam
738 2376 828 2446 atque
842 2371 945 2428 utilem

74 2470 141 2532 7rei
154 2468 299 2546 publicae,
313 2486 403 2544 quam
417 2473 521 2544 postea
533 2469 673 2544 scriptam
685 2469 786 2527 edidit.
830 2468 881 2527 sed
895 2471 948 2528 ubi

97 2568 149 2625 ille
170 2565 296 2636 adsedit,
318 2564 455 2636 Catilina,
476 2570 512 2622 ut
531 2570 595 2622 erat
613 2570 736 2642 paratus
753 2564 792 2624 ad
810 2565 947 2623 dissimu-

97 2663 187 2722 landa
200 2662 308 2734 omnia,
323 2661 450 2719 demisso
464 2661 634 2737 voltuvoce
654 2661 779 2738 supplici
797 2662 947 2738 postulare
959 2690 983 2728 ις

98 2761 267 2838 apatribus
287 2757 384 2835 coepit
404 2757 515 2834 nequid
535 2756 573 2816 de
593 2775 624 2815 se
644 2763 755 2815 temere
775 2757 928 2816 crederent
939 2781 948 2833 ;

147 2947 162 2994 3
195 2939 497 2992 minoresomaioresP

147 3027 178 3075 14
210 3025 320 3087 rogitare
337 3022 432 3084 omnia,
447 3036 539 3084 pavere
556 3024 623 3073 Wira
634 3021 744 3084 rogitare
756 3023 851 3081 omnia,
861 3023 948 3074 omnia

97 3121 188 3170 pavere
199 3108 312 3154 Emanar

148 3189 179 3239 19
211 3185 291 3234 autG
300 3185 406 3234 utPut
417 3177 527 3234 eto'ret
537 3188 567 3234 ut
584 3183 622 3250 (11
638 3182 839 3234 eiautersieuti
857 3185 879 3234 (1
897 3184 948 3236 aiat

100 3272 127 3336 (n
144 3268 239 3331 erased)
260 3269 283 3316 P
301 3266 324 3316 si
339 3266 372 3316 Pl
389 3266 460 3332 (with
475 3269 519 3315 eut
534 3282 592 3316 over
606 3268 647 3316 tha
664 3269 714 3316 line
731 3268 762 3330 by
776 3265 816 3332 pl)
834 3267 857 3314 si
874 3267 947 3315 euius

98 3355 124 3404 J.
139 3353 170 3400 F.
184 3350 324 3399 Gronoviua
337 3349 470 3414 (Schuetz)
484 3346 565 3396 sicubi
577 3348 675 3396 Liuker
686 3346 809 3412 (Dictaea)
823 3348 844 3396 si
859 3350 924 3398 Wiez
