<?xml version="1.0" encoding="UTF-8"?>
<!DOCTYPE html PUBLIC "-//W3C//DTD XHTML 1.0 Transitional//EN"
    "http://www.w3.org/TR/xhtml1/DTD/xhtml1-transitional.dtd">
<html xmlns="http://www.w3.org/1999/xhtml" xml:lang="en" lang="en">
 <head>
  <title>
</title>
<meta http-equiv="Content-Type" content="text/html;charset=utf-8" />
  <meta name='ocr-system' content='tesseract 3.04.00' />
  <meta name='ocr-capabilities' content='ocr_page ocr_carea ocr_par ocr_line ocrx_word'/>
</head>
<body>
  <div class='ocr_page' id='page_1' title='image "./csallusticrispi02sallgoog_0064.png"; bbox 0 0 2198 3720; ppageno 0'>
   <div class='ocr_carea' id='block_1_1' title="bbox 105 315 958 398">
    <p class='ocr_par' dir='ltr' id='par_1_1' title="bbox 105 315 958 398">
     <span class='ocr_line' id='line_1_1' title="bbox 105 315 958 398; baseline 0.002 -22"><span class='ocrx_word' id='word_1_1' title='bbox 105 338 128 378; x_wconf 70' lang='grc' dir='ltr'>ι.</span> <span class='ocrx_word' id='word_1_2' title='bbox 146 315 177 398; x_wconf 87' lang='lat' dir='ltr'>e]</span> <span class='ocrx_word' id='word_1_3' title='bbox 309 316 488 375; x_wconf 71' lang='lat' dir='ltr'>numu</span> <span class='ocrx_word' id='word_1_4' title='bbox 514 316 756 377; x_wconf 67' lang='lat' dir='ltr'>carloman.</span> <span class='ocrx_word' id='word_1_5' title='bbox 939 319 958 378; x_wconf 82' lang='lat' dir='ltr'>c</span> 
     </span>
    </p>
   </div>
   <div class='ocr_carea' id='block_1_2' title="bbox 65 438 1034 2886">
    <p class='ocr_par' dir='ltr' id='par_1_2' title="bbox 65 438 1034 2886">
     <span class='ocr_line' id='line_1_2' title="bbox 105 438 957 540; baseline 0.005 -18"><span class='ocrx_word' id='word_1_6' title='bbox 105 465 176 522; x_wconf 88' lang='lat' dir='ltr'>dum</span> <span class='ocrx_word' id='word_1_7' title='bbox 190 462 248 521; x_wconf 84' lang='lat' dir='ltr'>sibi</span> <span class='ocrx_word' id='word_1_8' title='bbox 261 482 386 540; x_wconf 82' lang='lat' dir='ltr'>regnum</span> <span class='ocrx_word' id='word_1_9' title='bbox 399 468 528 540; x_wconf 85' lang='lat' dir='ltr'>pararet,</span> <span class='ocrx_word' id='word_1_10' title='bbox 543 438 701 540; x_wconf 74' lang='lat' dir='ltr'>quidquam</span> <span class='ocrx_word' id='word_1_11' title='bbox 715 444 800 540; x_wconf 72' lang='lat' dir='ltr'>pcnhi</span> <span class='ocrx_word' id='word_1_12' title='bbox 818 464 957 528; x_wconf 87' lang='lat' dir='ltr'>habebat.</span> 
     </span>
     <span class='ocr_line' id='line_1_3' title="bbox 105 562 983 639; baseline 0.003 -20"><span class='ocrx_word' id='word_1_13' title='bbox 105 563 276 638; x_wconf 75' lang='lat' dir='ltr'>agitabatur</span> <span class='ocrx_word' id='word_1_14' title='bbox 296 565 389 637; x_wconf 83' lang='lat' dir='ltr'>magis</span> <span class='ocrx_word' id='word_1_15' title='bbox 411 562 562 639; x_wconf 84' lang='lat' dir='ltr'>magisque</span> <span class='ocrx_word' id='word_1_16' title='bbox 582 562 616 620; x_wconf 91' lang='lat' dir='ltr'>in</span> <span class='ocrx_word' id='word_1_17' title='bbox 636 562 699 620; x_wconf 84' lang='lat' dir='ltr'>dies</span> <span class='ocrx_word' id='word_1_18' title='bbox 726 563 844 621; x_wconf 83' lang='lat' dir='ltr'>animus</span> <span class='ocrx_word' id='word_1_19' title='bbox 872 563 983 632; x_wconf 77' lang='lat' dir='ltr'>ferox7</span> 
     </span>
     <span class='ocr_line' id='line_1_4' title="bbox 104 658 958 738; baseline 0.002 -21"><span class='ocrx_word' id='word_1_20' title='bbox 104 659 205 737; x_wconf 84' lang='lat' dir='ltr'>inopia</span> <span class='ocrx_word' id='word_1_21' title='bbox 223 658 268 716; x_wconf 86' lang='lat' dir='ltr'>rei</span> <span class='ocrx_word' id='word_1_22' title='bbox 283 658 440 716; x_wconf 85' lang='lat' dir='ltr'>familiaris</span> <span class='ocrx_word' id='word_1_23' title='bbox 461 663 493 715; x_wconf 91' lang='lat' dir='ltr'>et</span> <span class='ocrx_word' id='word_1_24' title='bbox 513 659 693 716; x_wconf 88' lang='lat' dir='ltr'>conscientia</span> <span class='ocrx_word' id='word_1_25' title='bbox 713 660 865 733; x_wconf 81' lang='lat' dir='ltr'>scelerum,</span> <span class='ocrx_word' id='word_1_26' title='bbox 881 681 958 738; x_wconf 87' lang='lat' dir='ltr'>quae</span> 
     </span>
     <span class='ocr_line' id='line_1_5' title="bbox 105 757 977 861; baseline 0.001 -45"><span class='ocrx_word' id='word_1_27' title='bbox 105 765 231 835; x_wconf 87' lang='lat' dir='ltr'>utraque</span> <span class='ocrx_word' id='word_1_28' title='bbox 245 757 287 815; x_wconf 87' lang='lat' dir='ltr'>eie</span> <span class='ocrx_word' id='word_1_29' title='bbox 301 757 417 815; x_wconf 84' lang='lat' dir='ltr'>artibus</span> <span class='ocrx_word' id='word_1_30' title='bbox 434 763 570 828; x_wconf 78' lang='lat' dir='ltr'>auxerat,</span> <span class='ocrx_word' id='word_1_31' title='bbox 585 777 659 834; x_wconf 84' lang='lat' dir='ltr'>quas</span> <span class='ocrx_word' id='word_1_32' title='bbox 677 777 768 834; x_wconf 86' lang='lat' dir='ltr'>supra</span> <span class='ocrx_word' id='word_1_33' title='bbox 785 760 977 861; x_wconf 54' lang='lat' dir='ltr'>memoravis</span> 
     </span>
     <span class='ocr_line' id='line_1_6' title="bbox 78 840 982 935; baseline -0.002 -21"><span class='ocrx_word' id='word_1_34' title='bbox 78 879 88 914; x_wconf 81' lang='lat' dir='ltr'>s</span> <span class='ocrx_word' id='word_1_35' title='bbox 105 840 273 914; x_wconf 60' lang='lat' dir='ltr'>incitabant</span> <span class='ocrx_word' id='word_1_36' title='bbox 286 862 439 932; x_wconf 82' lang='lat' dir='ltr'>praeterea</span> <span class='ocrx_word' id='word_1_37' title='bbox 456 857 594 933; x_wconf 90' lang='lat' dir='ltr'>conrupti</span> <span class='ocrx_word' id='word_1_38' title='bbox 611 856 744 914; x_wconf 83' lang='lat' dir='ltr'>civitatis</span> <span class='ocrx_word' id='word_1_39' title='bbox 764 876 869 931; x_wconf 81' lang='lat' dir='ltr'>mores,</span> <span class='ocrx_word' id='word_1_40' title='bbox 884 873 982 935; x_wconf 83' lang='lat' dir='ltr'>quosc</span> 
     </span>
     <span class='ocr_line' id='line_1_7' title="bbox 105 953 958 1034; baseline 0.004 -22"><span class='ocrx_word' id='word_1_41' title='bbox 105 974 241 1031; x_wconf 80' lang='lat' dir='ltr'>pessuma</span> <span class='ocrx_word' id='word_1_42' title='bbox 264 973 299 1011; x_wconf 91' lang='lat' dir='ltr'>ac</span> <span class='ocrx_word' id='word_1_43' title='bbox 321 953 440 1012; x_wconf 86' lang='lat' dir='ltr'>divorsa</span> <span class='ocrx_word' id='word_1_44' title='bbox 463 955 544 1012; x_wconf 86' lang='lat' dir='ltr'>inter</span> <span class='ocrx_word' id='word_1_45' title='bbox 564 974 595 1013; x_wconf 83' lang='lat' dir='ltr'>ee</span> <span class='ocrx_word' id='word_1_46' title='bbox 615 955 703 1026; x_wconf 89' lang='lat' dir='ltr'>mala,</span> <span class='ocrx_word' id='word_1_47' title='bbox 725 955 847 1014; x_wconf 88' lang='lat' dir='ltr'>luxuria</span> <span class='ocrx_word' id='word_1_48' title='bbox 867 963 958 1034; x_wconf 87' lang='lat' dir='ltr'>atque</span> 
     </span>
     <span class='ocr_line' id='line_1_8' title="bbox 105 1052 983 1132; baseline 0.006 -23"><span class='ocrx_word' id='word_1_49' title='bbox 105 1052 240 1124; x_wconf 87' lang='lat' dir='ltr'>avaritia,</span> <span class='ocrx_word' id='word_1_50' title='bbox 255 1053 414 1114; x_wconf 83' lang='lat' dir='ltr'>vexabant.</span> <span class='ocrx_word' id='word_1_51' title='bbox 474 1072 505 1110; x_wconf 87' lang='lat' dir='ltr'>cs</span> <span class='ocrx_word' id='word_1_52' title='bbox 525 1053 590 1131; x_wconf 84' lang='lat' dir='ltr'>ipsa</span> <span class='ocrx_word' id='word_1_53' title='bbox 606 1053 721 1111; x_wconf 89' lang='lat' dir='ltr'>hortari</span> <span class='ocrx_word' id='word_1_54' title='bbox 737 1054 866 1127; x_wconf 87' lang='lat' dir='ltr'>videtur,</span> <span class='ocrx_word' id='word_1_55' title='bbox 888 1075 983 1132; x_wconf 83' lang='lat' dir='ltr'>quo-9</span> 
     </span>
     <span class='ocr_line' id='line_1_9' title="bbox 105 1150 957 1230; baseline 0.002 -21"><span class='ocrx_word' id='word_1_56' title='bbox 105 1152 186 1209; x_wconf 90' lang='lat' dir='ltr'>niam</span> <span class='ocrx_word' id='word_1_57' title='bbox 200 1150 236 1209; x_wconf 89' lang='lat' dir='ltr'>de</span> <span class='ocrx_word' id='word_1_58' title='bbox 250 1151 383 1208; x_wconf 82' lang='lat' dir='ltr'>moribus</span> <span class='ocrx_word' id='word_1_59' title='bbox 401 1151 533 1209; x_wconf 85' lang='lat' dir='ltr'>civitatis</span> <span class='ocrx_word' id='word_1_60' title='bbox 549 1157 667 1229; x_wconf 81' lang='lat' dir='ltr'>tempus</span> <span class='ocrx_word' id='word_1_61' title='bbox 686 1153 851 1225; x_wconf 89' lang='lat' dir='ltr'>admonuit,</span> <span class='ocrx_word' id='word_1_62' title='bbox 866 1173 957 1230; x_wconf 85' lang='lat' dir='ltr'>supra</span> 
     </span>
     <span class='ocr_line' id='line_1_10' title="bbox 105 1249 957 1327; baseline 0.002 -21"><span class='ocrx_word' id='word_1_63' title='bbox 105 1256 236 1326; x_wconf 84' lang='lat' dir='ltr'>repetere</span> <span class='ocrx_word' id='word_1_64' title='bbox 250 1269 285 1307; x_wconf 86' lang='lat' dir='ltr'>ac</span> <span class='ocrx_word' id='word_1_65' title='bbox 298 1249 400 1327; x_wconf 84' lang='lat' dir='ltr'>paucis</span> <span class='ocrx_word' id='word_1_66' title='bbox 413 1249 553 1307; x_wconf 83' lang='lat' dir='ltr'>instituta</span> <span class='ocrx_word' id='word_1_67' title='bbox 566 1250 712 1308; x_wconf 89' lang='lat' dir='ltr'>maiorum</span> <span class='ocrx_word' id='word_1_68' title='bbox 727 1250 807 1308; x_wconf 88' lang='lat' dir='ltr'>domi</span> <span class='ocrx_word' id='word_1_69' title='bbox 821 1251 957 1309; x_wconf 88' lang='lat' dir='ltr'>militiae-</span> 
     </span>
     <span class='ocr_line' id='line_1_11' title="bbox 67 1347 955 1426; baseline -0.001 -19"><span class='ocrx_word' id='word_1_70' title='bbox 67 1367 244 1425; x_wconf 84' lang='lat' dir='ltr'>10que,quo</span> <span class='ocrx_word' id='word_1_71' title='bbox 264 1347 352 1406; x_wconf 90' lang='lat' dir='ltr'>modo</span> <span class='ocrx_word' id='word_1_72' title='bbox 373 1367 436 1406; x_wconf 92' lang='lat' dir='ltr'>rem</span> <span class='ocrx_word' id='word_1_73' title='bbox 456 1348 604 1425; x_wconf 82' lang='lat' dir='ltr'>publicam</span> <span class='ocrx_word' id='word_1_74' title='bbox 623 1347 784 1426; x_wconf 75' lang='lat' dir='ltr'>habuerint</span> <span class='ocrx_word' id='word_1_75' title='bbox 799 1354 955 1425; x_wconf 89' lang='lat' dir='ltr'>quantam·</span> 
     </span>
     <span class='ocr_line' id='line_1_12' title="bbox 105 1430 955 1522; baseline -0.001 -18"><span class='ocrx_word' id='word_1_76' title='bbox 105 1465 162 1522; x_wconf 91' lang='lat' dir='ltr'>que</span> <span class='ocrx_word' id='word_1_77' title='bbox 179 1444 364 1522; x_wconf 77' lang='lat' dir='ltr'>reliquerint,</span> <span class='ocrx_word' id='word_1_78' title='bbox 380 1450 417 1502; x_wconf 94' lang='lat' dir='ltr'>ut</span> <span class='ocrx_word' id='word_1_79' title='bbox 434 1444 579 1521; x_wconf 87' lang='lat' dir='ltr'>paulatim</span> <span class='ocrx_word' id='word_1_80' title='bbox 598 1430 748 1503; x_wconf 89' lang='lat' dir='ltr'>inmutata</span> <span class='ocrx_word' id='word_1_81' title='bbox 766 1464 804 1502; x_wconf 82' lang='lat' dir='ltr'>ex</span> <span class='ocrx_word' id='word_1_82' title='bbox 822 1446 955 1522; x_wconf 91' lang='lat' dir='ltr'>pulcher-</span> 
     </span>
     <span class='ocr_line' id='line_1_13' title="bbox 104 1533 956 1618; baseline 0.001 -19"><span class='ocrx_word' id='word_1_83' title='bbox 104 1543 180 1599; x_wconf 90' lang='lat' dir='ltr'>rima</span> <span class='ocrx_word' id='word_1_84' title='bbox 193 1533 284 1618; x_wconf 65' lang='lat' dir='ltr'>atque</span> <span class='ocrx_word' id='word_1_85' title='bbox 298 1546 421 1618; x_wconf 89' lang='lat' dir='ltr'>optuma</span> <span class='ocrx_word' id='word_1_86' title='bbox 434 1559 571 1618; x_wconf 78' lang='lat' dir='ltr'>pessuma</span> <span class='ocrx_word' id='word_1_87' title='bbox 584 1559 619 1598; x_wconf 89' lang='lat' dir='ltr'>ac</span> <span class='ocrx_word' id='word_1_88' title='bbox 627 1541 868 1617; x_wconf 83' lang='lat' dir='ltr'>flagitiosissuma</span> <span class='ocrx_word' id='word_1_89' title='bbox 876 1542 956 1600; x_wconf 83' lang='lat' dir='ltr'>lacta</span> 
     </span>
     <span class='ocr_line' id='line_1_14' title="bbox 105 1632 511 1727; baseline 0.005 -30"><span class='ocrx_word' id='word_1_90' title='bbox 105 1642 153 1712; x_wconf 84' lang='lat' dir='ltr'>sit,</span> <span class='ocrx_word' id='word_1_91' title='bbox 169 1632 328 1698; x_wconf 54' lang='lat' dir='ltr'>dissereref</span> <span class='ocrx_word' id='word_1_92' title='bbox 355 1645 379 1727; x_wconf 57' lang='lat' dir='ltr'>i}</span> <span class='ocrx_word' id='word_1_93' title='bbox 399 1647 511 1721; x_wconf 47' lang='lat' dir='ltr'>amesa</span> 
     </span>
     <span class='ocr_line' id='line_1_15' title="bbox 164 1735 990 1816; baseline 0.006 -19"><span class='ocrx_word' id='word_1_94' title='bbox 164 1738 280 1797; x_wconf 80' lang='lat' dir='ltr'>Urbem</span> <span class='ocrx_word' id='word_1_95' title='bbox 296 1738 431 1809; x_wconf 87' lang='lat' dir='ltr'>Romam,</span> <span class='ocrx_word' id='word_1_96' title='bbox 447 1739 536 1796; x_wconf 82' lang='lat' dir='ltr'>sicuti</span> <span class='ocrx_word' id='word_1_97' title='bbox 550 1740 726 1816; x_wconf 83' lang='lat' dir='ltr'>egoaccepi,</span> <span class='ocrx_word' id='word_1_98' title='bbox 741 1739 899 1806; x_wconf 80' lang='lat' dir='ltr'>condidere</span> <span class='ocrx_word' id='word_1_99' title='bbox 912 1743 955 1797; x_wconf 88' lang='lat' dir='ltr'>at·</span> <span class='ocrx_word' id='word_1_100' title='bbox 969 1735 990 1802; x_wconf 90' lang='grc'><strong>6</strong></span> 
     </span>
     <span class='ocr_line' id='line_1_16' title="bbox 67 1835 955 1914; baseline 0.003 -23"><span class='ocrx_word' id='word_1_101' title='bbox 67 1865 90 1900; x_wconf 82' lang='lat'>15</span> <span class='ocrx_word' id='word_1_102' title='bbox 105 1855 162 1911; x_wconf 91' lang='lat' dir='ltr'>que</span> <span class='ocrx_word' id='word_1_103' title='bbox 174 1835 304 1893; x_wconf 86' lang='lat' dir='ltr'>habuere</span> <span class='ocrx_word' id='word_1_104' title='bbox 318 1835 406 1893; x_wconf 84' lang='lat' dir='ltr'>initio</span> <span class='ocrx_word' id='word_1_105' title='bbox 420 1835 549 1907; x_wconf 86' lang='lat' dir='ltr'>Troiani,</span> <span class='ocrx_word' id='word_1_106' title='bbox 564 1837 616 1913; x_wconf 89' lang='lat' dir='ltr'>qui</span> <span class='ocrx_word' id='word_1_107' title='bbox 630 1838 735 1894; x_wconf 87' lang='lat' dir='ltr'>Aenea</span> <span class='ocrx_word' id='word_1_108' title='bbox 749 1837 823 1894; x_wconf 90' lang='lat' dir='ltr'>duce</span> <span class='ocrx_word' id='word_1_109' title='bbox 836 1836 955 1914; x_wconf 79' lang='lat' dir='ltr'>profugi</span> 
     </span>
     <span class='ocr_line' id='line_1_17' title="bbox 104 1933 953 2018; baseline 0.002 -28"><span class='ocrx_word' id='word_1_110' title='bbox 104 1933 223 1992; x_wconf 85' lang='lat' dir='ltr'>sedibus</span> <span class='ocrx_word' id='word_1_111' title='bbox 236 1933 358 1992; x_wconf 85' lang='lat' dir='ltr'>incertis</span> <span class='ocrx_word' id='word_1_112' title='bbox 369 1935 564 2018; x_wconf 79' lang='lat' dir='ltr'>vagabantur,</span> <span class='ocrx_word' id='word_1_113' title='bbox 577 1953 702 2011; x_wconf 88' lang='lat' dir='ltr'>cumque</span> <span class='ocrx_word' id='word_1_114' title='bbox 712 1935 755 1992; x_wconf 85' lang='lat' dir='ltr'>eis</span> <span class='ocrx_word' id='word_1_115' title='bbox 765 1934 953 2011; x_wconf 73' lang='lat' dir='ltr'>AborigineS,</span> 
     </span>
     <span class='ocr_line' id='line_1_18' title="bbox 104 2032 954 2109; baseline 0 -19"><span class='ocrx_word' id='word_1_116' title='bbox 104 2052 197 2108; x_wconf 81' lang='lat' dir='ltr'>genus</span> <span class='ocrx_word' id='word_1_117' title='bbox 215 2033 369 2092; x_wconf 89' lang='lat' dir='ltr'>hominum</span> <span class='ocrx_word' id='word_1_118' title='bbox 388 2038 512 2108; x_wconf 69' lang='lat' dir='ltr'>agreste,</span> <span class='ocrx_word' id='word_1_119' title='bbox 528 2032 591 2090; x_wconf 86' lang='lat' dir='ltr'>sine</span> <span class='ocrx_word' id='word_1_120' title='bbox 605 2033 727 2109; x_wconf 83' lang='lat' dir='ltr'>legibus,</span> <span class='ocrx_word' id='word_1_121' title='bbox 743 2032 807 2090; x_wconf 85' lang='lat' dir='ltr'>siue</span> <span class='ocrx_word' id='word_1_122' title='bbox 821 2032 954 2109; x_wconf 90' lang='lat' dir='ltr'>imperio,</span> 
     </span>
     <span class='ocr_line' id='line_1_19' title="bbox 103 2130 980 2207; baseline -0.002 -20"><span class='ocrx_word' id='word_1_123' title='bbox 103 2130 229 2188; x_wconf 89' lang='lat' dir='ltr'>liberum</span> <span class='ocrx_word' id='word_1_124' title='bbox 243 2137 333 2207; x_wconf 82' lang='lat' dir='ltr'>atque</span> <span class='ocrx_word' id='word_1_125' title='bbox 346 2130 485 2189; x_wconf 82' lang='lat' dir='ltr'>solutum.</span> <span class='ocrx_word' id='word_1_126' title='bbox 517 2131 550 2188; x_wconf 92' lang='lat' dir='ltr'>hi</span> <span class='ocrx_word' id='word_1_127' title='bbox 558 2137 714 2207; x_wconf 78' lang='lat' dir='ltr'>postquam</span> <span class='ocrx_word' id='word_1_128' title='bbox 725 2131 757 2187; x_wconf 90' lang='lat' dir='ltr'>in</span> <span class='ocrx_word' id='word_1_129' title='bbox 768 2150 828 2188; x_wconf 88' lang='lat' dir='ltr'>una</span> <span class='ocrx_word' id='word_1_130' title='bbox 838 2131 955 2190; x_wconf 87' lang='lat' dir='ltr'>moenia</span> <span class='ocrx_word' id='word_1_131' title='bbox 969 2158 980 2185; x_wconf 65' lang='grc' dir='ltr'>ι</span> 
     </span>
     <span class='ocr_line' id='line_1_20' title="bbox 91 2228 955 2306; baseline 0.001 -20"><span class='ocrx_word' id='word_1_132' title='bbox 91 2240 276 2301; x_wconf 86' lang='lat' dir='ltr'>convenere,</span> <span class='ocrx_word' id='word_1_133' title='bbox 291 2229 403 2306; x_wconf 85' lang='lat' dir='ltr'>dispari</span> <span class='ocrx_word' id='word_1_134' title='bbox 421 2249 527 2305; x_wconf 88' lang='lat' dir='ltr'>genere</span> <span class='ocrx_word' id='word_1_135' title='bbox 544 2230 681 2287; x_wconf 83' lang='lat' dir='ltr'>dissimili</span> <span class='ocrx_word' id='word_1_136' title='bbox 699 2229 810 2306; x_wconf 86' lang='lat' dir='ltr'>lingua,</span> <span class='ocrx_word' id='word_1_137' title='bbox 826 2229 878 2287; x_wconf 89' lang='lat' dir='ltr'>alii</span> <span class='ocrx_word' id='word_1_138' title='bbox 896 2228 955 2287; x_wconf 84' lang='lat' dir='ltr'>alio</span> 
     </span>
     <span class='ocr_line' id='line_1_21' title="bbox 66 2326 953 2409; baseline 0.002 -29"><span class='ocrx_word' id='word_1_139' title='bbox 66 2356 90 2381; x_wconf 55' lang='grc' dir='ltr'>ιο</span> <span class='ocrx_word' id='word_1_140' title='bbox 103 2345 184 2385; x_wconf 90' lang='lat' dir='ltr'>more</span> <span class='ocrx_word' id='word_1_141' title='bbox 211 2327 356 2409; x_wconf 57' lang='lat' dir='ltr'>uiuentem</span> <span class='ocrx_word' id='word_1_142' title='bbox 382 2326 555 2383; x_wconf 82' lang='lat' dir='ltr'>incredibile</span> <span class='ocrx_word' id='word_1_143' title='bbox 585 2333 750 2385; x_wconf 86' lang='lat' dir='ltr'>memoratu</span> <span class='ocrx_word' id='word_1_144' title='bbox 785 2332 832 2383; x_wconf 88' lang='lat' dir='ltr'>est</span> <span class='ocrx_word' id='word_1_145' title='bbox 865 2345 953 2402; x_wconf 90' lang='lat' dir='ltr'>quam</span> 
     </span>
     <span class='ocr_line' id='line_1_22' title="bbox 103 2424 954 2500; baseline 0 -20"><span class='ocrx_word' id='word_1_146' title='bbox 103 2425 190 2483; x_wconf 83' lang='lat' dir='ltr'>facile</span> <span class='ocrx_word' id='word_1_147' title='bbox 199 2424 381 2497; x_wconf 74' lang='lat' dir='ltr'>coaluerint:</span> <span class='ocrx_word' id='word_1_148' title='bbox 399 2425 444 2482; x_wconf 89' lang='lat' dir='ltr'>ita</span> <span class='ocrx_word' id='word_1_149' title='bbox 457 2425 540 2482; x_wconf 89' lang='lat' dir='ltr'>brevi</span> <span class='ocrx_word' id='word_1_150' title='bbox 550 2424 713 2482; x_wconf 85' lang='lat' dir='ltr'>multitudo</span> <span class='ocrx_word' id='word_1_151' title='bbox 723 2424 854 2500; x_wconf 85' lang='lat' dir='ltr'>dispersa</span> <span class='ocrx_word' id='word_1_152' title='bbox 865 2430 954 2500; x_wconf 82' lang='lat' dir='ltr'>atque</span> 
     </span>
     <span class='ocr_line' id='line_1_23' title="bbox 104 2520 980 2598; baseline 0.002 -23"><span class='ocrx_word' id='word_1_153' title='bbox 104 2540 179 2597; x_wconf 83' lang='lat' dir='ltr'>vaga</span> <span class='ocrx_word' id='word_1_154' title='bbox 201 2521 356 2579; x_wconf 89' lang='lat' dir='ltr'>concordia</span> <span class='ocrx_word' id='word_1_155' title='bbox 378 2521 483 2578; x_wconf 81' lang='lat' dir='ltr'>civitas</span> <span class='ocrx_word' id='word_1_156' title='bbox 506 2520 587 2578; x_wconf 85' lang='lat' dir='ltr'>facta</span> <span class='ocrx_word' id='word_1_157' title='bbox 608 2526 680 2579; x_wconf 88' lang='lat' dir='ltr'>erat.</span> <span class='ocrx_word' id='word_1_158' title='bbox 725 2520 776 2579; x_wconf 82' lang='lat' dir='ltr'>sed</span> <span class='ocrx_word' id='word_1_159' title='bbox 797 2526 980 2598; x_wconf 78' lang='lat' dir='ltr'>postquam3</span> 
     </span>
     <span class='ocr_line' id='line_1_24' title="bbox 103 2617 1034 2694; baseline 0.002 -21"><span class='ocrx_word' id='word_1_160' title='bbox 103 2636 150 2674; x_wconf 86' lang='lat' dir='ltr'>ree</span> <span class='ocrx_word' id='word_1_161' title='bbox 165 2636 267 2674; x_wconf 92' lang='lat' dir='ltr'>eorum</span> <span class='ocrx_word' id='word_1_162' title='bbox 282 2618 397 2675; x_wconf 79' lang='lat' dir='ltr'>civibus</span> <span class='ocrx_word' id='word_1_163' title='bbox 411 2617 635 2692; x_wconf 25' lang='lat' dir='ltr'>moribuskagris</span> <span class='ocrx_word' id='word_1_164' title='bbox 650 2624 747 2689; x_wconf 85' lang='lat' dir='ltr'>aucta,</span> <span class='ocrx_word' id='word_1_165' title='bbox 757 2618 829 2675; x_wconf 81' lang='lat' dir='ltr'>satis</span> <span class='ocrx_word' id='word_1_166' title='bbox 838 2637 954 2694; x_wconf 79' lang='lat' dir='ltr'>prospe</span> <span class='ocrx_word' id='word_1_167' title='bbox 1031 2646 1034 2652; x_wconf 88' lang='lat'><strong>·</strong></span> 
     </span>
     <span class='ocr_line' id='line_1_25' title="bbox 103 2702 1023 2792; baseline 0 -20"><span class='ocrx_word' id='word_1_168' title='bbox 103 2736 136 2773; x_wconf 91' lang='lat' dir='ltr'>ra</span> <span class='ocrx_word' id='word_1_169' title='bbox 155 2718 286 2792; x_wconf 85' lang='lat' dir='ltr'>satisque</span> <span class='ocrx_word' id='word_1_170' title='bbox 302 2715 417 2792; x_wconf 85' lang='lat' dir='ltr'>pollens</span> <span class='ocrx_word' id='word_1_171' title='bbox 437 2702 602 2786; x_wconf 80' lang='lat' dir='ltr'>videbatur,</span> <span class='ocrx_word' id='word_1_172' title='bbox 618 2715 708 2772; x_wconf 82' lang='lat' dir='ltr'>sicuti</span> <span class='ocrx_word' id='word_1_173' title='bbox 726 2715 865 2792; x_wconf 88' lang='lat' dir='ltr'>pleraque</span> <span class='ocrx_word' id='word_1_174' title='bbox 879 2735 954 2772; x_wconf 90' lang='lat' dir='ltr'>mor·</span> <span class='ocrx_word' id='word_1_175' title='bbox 1020 2767 1023 2772; x_wconf 80' lang='grc'><strong><em>,</em></strong></span> 
     </span>
     <span class='ocr_line' id='line_1_26' title="bbox 65 2810 951 2886; baseline -0.003 -15"><span class='ocrx_word' id='word_1_176' title='bbox 65 2847 88 2882; x_wconf 72' lang='lat'>25</span> <span class='ocrx_word' id='word_1_177' title='bbox 102 2813 209 2869; x_wconf 89' lang='lat' dir='ltr'>talium</span> <span class='ocrx_word' id='word_1_178' title='bbox 236 2811 394 2884; x_wconf 73' lang='lat' dir='ltr'>habentur,</span> <span class='ocrx_word' id='word_1_179' title='bbox 419 2810 535 2868; x_wconf 85' lang='lat' dir='ltr'>invidia</span> <span class='ocrx_word' id='word_1_180' title='bbox 562 2830 600 2868; x_wconf 86' lang='lat' dir='ltr'>ex</span> <span class='ocrx_word' id='word_1_181' title='bbox 628 2811 780 2886; x_wconf 87' lang='lat' dir='ltr'>opulentia</span> <span class='ocrx_word' id='word_1_182' title='bbox 805 2817 871 2869; x_wconf 84' lang='lat' dir='ltr'>orta</span> <span class='ocrx_word' id='word_1_183' title='bbox 899 2818 951 2869; x_wconf 84' lang='lat' dir='ltr'>eat.</span> 
     </span>
    </p>
   </div>
   <div class='ocr_carea' id='block_1_3' title="bbox 102 2942 954 3495">
    <p class='ocr_par' dir='ltr' id='par_1_3' title="bbox 102 2942 954 3085">
     <span class='ocr_line' id='line_1_27' title="bbox 151 2942 954 3009; baseline 0.001 -15"><span class='ocrx_word' id='word_1_184' title='bbox 151 2948 181 2994; x_wconf 91' lang='lat'>11</span> <span class='ocrx_word' id='word_1_185' title='bbox 215 2950 244 2994; x_wconf 89' lang='lat' dir='ltr'>ut</span> <span class='ocrx_word' id='word_1_186' title='bbox 261 2947 306 2995; x_wconf 82' lang='lat' dir='ltr'>PC</span> <span class='ocrx_word' id='word_1_187' title='bbox 322 2946 348 2994; x_wconf 88' lang='lat' dir='ltr'>et</span> <span class='ocrx_word' id='word_1_188' title='bbox 364 2946 394 2995; x_wconf 89' lang='lat' dir='ltr'>ut</span> <span class='ocrx_word' id='word_1_189' title='bbox 412 2946 432 2994; x_wconf 84' lang='lat' dir='ltr'><strong><em>G</em></strong></span> <span class='ocrx_word' id='word_1_190' title='bbox 447 2942 451 3009; x_wconf 93' lang='grc' dir='ltr'>Ι</span> <span class='ocrx_word' id='word_1_191' title='bbox 464 2943 713 3007; x_wconf 68' lang='grc' dir='ltr'>ριιΙοΙιοιιίιιιιιιυίτΙι</span> <span class='ocrx_word' id='word_1_192' title='bbox 729 2960 765 2995; x_wconf 79' lang='lat' dir='ltr'>aa</span> <span class='ocrx_word' id='word_1_193' title='bbox 780 2943 790 2994; x_wconf 91' lang='lat' dir='ltr'>i</span> <span class='ocrx_word' id='word_1_194' title='bbox 806 2947 861 2995; x_wconf 79' lang='lat' dir='ltr'>berc</span> <span class='ocrx_word' id='word_1_195' title='bbox 873 2947 915 2994; x_wconf 79' lang='lat' dir='ltr'>bat</span> <span class='ocrx_word' id='word_1_196' title='bbox 926 2947 954 2995; x_wconf 78' lang='lat' dir='ltr'>in</span> 
     </span>
     <span class='ocr_line' id='line_1_28' title="bbox 102 3024 731 3085; baseline 0.002 -12"><span class='ocrx_word' id='word_1_197' title='bbox 102 3028 140 3077; x_wconf 84' lang='lat'>20.</span> <span class='ocrx_word' id='word_1_198' title='bbox 156 3030 180 3085; x_wconf 85' lang='lat'>3,</span> <span class='ocrx_word' id='word_1_199' title='bbox 192 3029 231 3076; x_wconf 83' lang='lat'>52.</span> <span class='ocrx_word' id='word_1_200' title='bbox 245 3028 276 3075; x_wconf 83' lang='lat'>20</span> <span class='ocrx_word' id='word_1_201' title='bbox 286 3027 349 3075; x_wconf 73' lang='lat' dir='ltr'>with</span> <span class='ocrx_word' id='word_1_202' title='bbox 360 3042 375 3073; x_wconf 83' lang='lat' dir='ltr'>a</span> <span class='ocrx_word' id='word_1_203' title='bbox 388 3040 405 3074; x_wconf 93' lang='lat' dir='ltr'>u</span> <span class='ocrx_word' id='word_1_204' title='bbox 416 3026 510 3074; x_wconf 82' lang='lat' dir='ltr'>Pwith</span> <span class='ocrx_word' id='word_1_205' title='bbox 522 3041 556 3074; x_wconf 78' lang='lat' dir='ltr'>aa</span> <span class='ocrx_word' id='word_1_206' title='bbox 566 3024 576 3073; x_wconf 91' lang='lat' dir='ltr'>i</span> <span class='ocrx_word' id='word_1_207' title='bbox 587 3027 658 3075; x_wconf 80' lang='lat' dir='ltr'>twice</span> <span class='ocrx_word' id='word_1_208' title='bbox 666 3027 696 3075; x_wconf 79' lang='lat' dir='ltr'>in</span> <span class='ocrx_word' id='word_1_209' title='bbox 709 3026 731 3074; x_wconf 88' lang='lat' dir='ltr'><strong><em>V</em></strong></span> 
     </span>
    </p>

    <p class='ocr_par' dir='ltr' id='par_1_4' title="bbox 152 3107 836 3170">
     <span class='ocr_line' id='line_1_29' title="bbox 152 3107 836 3170; baseline 0.004 -16"><span class='ocrx_word' id='word_1_210' title='bbox 152 3108 182 3155; x_wconf 81' lang='lat'>12</span> <span class='ocrx_word' id='word_1_211' title='bbox 216 3110 293 3167; x_wconf 85' lang='lat' dir='ltr'>atque</span> <span class='ocrx_word' id='word_1_212' title='bbox 302 3109 408 3169; x_wconf 87' lang='lat' dir='ltr'>optuma</span> <span class='ocrx_word' id='word_1_213' title='bbox 419 3107 589 3168; x_wconf 67' lang='lat' dir='ltr'>adommim,</span> <span class='ocrx_word' id='word_1_214' title='bbox 601 3107 624 3154; x_wconf 81' lang='lat' dir='ltr'>ia</span> <span class='ocrx_word' id='word_1_215' title='bbox 635 3107 737 3156; x_wconf 80' lang='lat' dir='ltr'>omitted</span> <span class='ocrx_word' id='word_1_216' title='bbox 749 3108 779 3170; x_wconf 74' lang='lat' dir='ltr'>by</span> <span class='ocrx_word' id='word_1_217' title='bbox 791 3108 836 3157; x_wconf 79' lang='grc' dir='ltr'>ΡΟ</span> 
     </span>
    </p>

    <p class='ocr_par' dir='ltr' id='par_1_5' title="bbox 152 3185 428 3237">
     <span class='ocr_line' id='line_1_30' title="bbox 152 3185 428 3237; baseline -0.004 -2"><span class='ocrx_word' id='word_1_218' title='bbox 152 3189 182 3237; x_wconf 87' lang='grc'>19</span> <span class='ocrx_word' id='word_1_219' title='bbox 216 3185 261 3235; x_wconf 89' lang='lat' dir='ltr'>alii</span> <span class='ocrx_word' id='word_1_220' title='bbox 274 3186 428 3235; x_wconf 78' lang='lat' dir='ltr'>GaliuePG</span> 
     </span>
    </p>

    <p class='ocr_par' dir='ltr' id='par_1_6' title="bbox 102 3266 954 3495">
     <span class='ocr_line' id='line_1_31' title="bbox 151 3266 954 3331; baseline 0.005 -17"><span class='ocrx_word' id='word_1_221' title='bbox 151 3269 181 3315; x_wconf 84' lang='lat'>21</span> <span class='ocrx_word' id='word_1_222' title='bbox 215 3266 355 3316; x_wconf 86' lang='lat' dir='ltr'>ita...lacta</span> <span class='ocrx_word' id='word_1_223' title='bbox 376 3269 432 3316; x_wconf 85' lang='lat' dir='ltr'>erat</span> <span class='ocrx_word' id='word_1_224' title='bbox 453 3268 491 3328; x_wconf 84' lang='lat' dir='ltr'>(or</span> <span class='ocrx_word' id='word_1_225' title='bbox 509 3268 558 3328; x_wconf 81' lang='lat' dir='ltr'>est)</span> <span class='ocrx_word' id='word_1_226' title='bbox 580 3282 593 3316; x_wconf 79' lang='lat' dir='ltr'><em>z</em></span> <span class='ocrx_word' id='word_1_227' title='bbox 614 3269 904 3331; x_wconf 68' lang='lat' dir='ltr'>AequaimlEpffltl,</span> <span class='ocrx_word' id='word_1_228' title='bbox 923 3270 954 3318; x_wconf 87' lang='grc'>10</span> 
     </span>
     <span class='ocr_line' id='line_1_32' title="bbox 102 3346 952 3411; baseline 0.007 -15"><span class='ocrx_word' id='word_1_229' title='bbox 102 3348 171 3410; x_wconf 84' lang='lat' dir='ltr'>apud</span> <span class='ocrx_word' id='word_1_230' title='bbox 194 3363 238 3395; x_wconf 88' lang='lat' dir='ltr'>eos</span> <span class='ocrx_word' id='word_1_231' title='bbox 261 3349 388 3409; x_wconf 82' lang='lat' dir='ltr'>(auctores</span> <span class='ocrx_word' id='word_1_232' title='bbox 408 3348 551 3411; x_wconf 76' lang='lat' dir='ltr'>Romanos)</span> <span class='ocrx_word' id='word_1_233' title='bbox 573 3346 644 3395; x_wconf 90' lang='lat' dir='ltr'>enim</span> <span class='ocrx_word' id='word_1_234' title='bbox 666 3347 704 3397; x_wconf 88' lang='lat' dir='ltr'>ita</span> <span class='ocrx_word' id='word_1_235' title='bbox 721 3348 827 3410; x_wconf 80' lang='lat' dir='ltr'>legitur:</span> <span class='ocrx_word' id='word_1_236' title='bbox 849 3349 952 3402; x_wconf 89' lang='lat' dir='ltr'>breui...</span> 
     </span>
     <span class='ocr_line' id='line_1_33' title="bbox 103 3428 747 3495; baseline 0.003 -17"><span class='ocrx_word' id='word_1_237' title='bbox 103 3432 170 3479; x_wconf 84' lang='lat' dir='ltr'>iacta</span> <span class='ocrx_word' id='word_1_238' title='bbox 181 3431 244 3488; x_wconf 82' lang='lat' dir='ltr'>orat)</span> <span class='ocrx_word' id='word_1_239' title='bbox 256 3430 358 3478; x_wconf 81' lang='lat' dir='ltr'>omitted</span> <span class='ocrx_word' id='word_1_240' title='bbox 369 3431 400 3494; x_wconf 81' lang='lat' dir='ltr'>by</span> <span class='ocrx_word' id='word_1_241' title='bbox 412 3431 457 3479; x_wconf 77' lang='lat' dir='ltr'>Pe</span> <span class='ocrx_word' id='word_1_242' title='bbox 469 3428 665 3495; x_wconf 73' lang='lat' dir='ltr'>(Dietechl-acc</span> <span class='ocrx_word' id='word_1_243' title='bbox 674 3438 747 3480; x_wconf 68' lang='lat' dir='ltr'>cretea</span> 
     </span>
    </p>
   </div>
   <div class='ocr_carea' id='block_1_4' title="bbox 148 3506 963 3580">
    <p class='ocr_par' dir='ltr' id='par_1_7' title="bbox 148 3506 963 3580">
     <span class='ocr_line' id='line_1_34' title="bbox 148 3506 963 3580; baseline -0.004 -21"><span class='ocrx_word' id='word_1_244' title='bbox 148 3515 181 3561; x_wconf 83' lang='lat'>23</span> <span class='ocrx_word' id='word_1_245' title='bbox 213 3511 315 3564; x_wconf 86' lang='lat' dir='ltr'>ciuibus</span> <span class='ocrx_word' id='word_1_246' title='bbox 326 3514 375 3566; x_wconf 77' lang='lat' dir='ltr'>Po</span> <span class='ocrx_word' id='word_1_247' title='bbox 384 3513 488 3580; x_wconf 78' lang='lat' dir='ltr'>legibus</span> <span class='ocrx_word' id='word_1_248' title='bbox 500 3531 513 3566; x_wconf 81' lang='lat' dir='ltr'>a</span> <span class='ocrx_word' id='word_1_249' title='bbox 528 3516 676 3580; x_wconf 71' lang='lat' dir='ltr'>loquatium</span> <span class='ocrx_word' id='word_1_250' title='bbox 686 3516 731 3578; x_wconf 68' lang='lat' dir='ltr'>iia</span> <span class='ocrx_word' id='word_1_251' title='bbox 742 3513 853 3562; x_wconf 59' lang='lat' dir='ltr'>aaronitae</span> <span class='ocrx_word' id='word_1_252' title='bbox 867 3506 963 3569; x_wconf 56' lang='lat' dir='ltr'>placeb</span> 
     </span>
    </p>
   </div>
   <div class='ocr_carea' id='block_1_5' title="bbox 0 0 1104 3720">
    <p class='ocr_par' dir='ltr' id='par_1_8' title="bbox 0 0 1104 3720">
     <span class='ocr_line' id='line_1_35' title="bbox 0 0 1104 3720; baseline 0 0"><span class='ocrx_word' id='word_1_253' title='bbox 0 0 1104 3720; x_wconf 95' lang='lat' dir='ltr'> </span> 
     </span>
    </p>
   </div>
  </div>
 </body>
</html>
