2198 3720
128 249 167 290 cc.
185 229 231 302 44,
249 226 300 310 45]
333 227 441 285 BELL
450 227 511 286 VM
536 225 779 286 CATILINAE.
943 222 979 282 37

189 371 247 430 Sed
264 369 441 446 Allobroges
457 387 496 427 ex
514 373 673 445 praecepto
690 366 842 426 Ciceronis
855 385 909 444 por
923 366 979 426 Ge
991 361 1040 433 44

127 469 243 527 binium
265 475 378 527 ceteros
402 468 592 525 conveniunt.
636 466 675 524 ab
700 465 830 524 Lentulo
849 464 980 542 Cethego

129 567 250 625 Statilio
264 567 335 624 item
357 565 459 624 (lessio
478 565 633 642 postulant
651 565 699 622 ius
716 562 887 635 iurandum,
901 562 981 639 quod

128 663 279 740 signatum
293 661 332 720 od
351 662 426 720 civis
439 661 610 738 perferant:
633 660 721 718 aliter
734 658 816 719 houd
829 659 919 718 focile
932 678 981 717 eos

103 761 167 820 sad
190 765 310 819 tantum
337 760 490 837 negotium
517 759 623 837 inpelli
651 778 743 836 posse.
786 757 878 817 ceteri
905 757 1005 815 nihil2

128 857 313 934 suspicantes
327 856 409 928 dant,
426 855 546 914 (lessius
564 861 659 913 semet
672 873 707 912 co
720 854 806 913 brevi
819 859 981 913 venturum

127 953 285 1029 pollicetur
298 964 333 1010 ac
347 952 437 1029 poulo
457 956 528 1009 onte
544 951 658 1028 legatos
677 969 715 1008 ex
733 950 807 1008 urbe
821 950 979 1028 proficisci-

127 1056 188 1110 tur.
231 1051 379 1110 Lentulus
403 1050 536 1108 cumeis
560 1049 592 1108 Τ,
614 1048 806 1107 Volturcium
830 1047 1006 1125 quendems

130 1149 353 1207 Crotoniensem
381 1149 486 1220 mittit,
512 1154 548 1205 ut
574 1147 752 1223 Allobroges
780 1147 863 1224 prius
891 1165 980 1224 quom

93 1275 118 1303 ιο
130 1246 251 1304 domum
264 1251 431 1324 pergerent,
447 1266 515 1304 cum
529 1246 662 1305 (lotilina
675 1245 747 1303 data
756 1251 847 1322 atque
860 1249 982 1321 occepta

130 1343 188 1400 fide
201 1344 375 1401 societatem
389 1343 608 1402 confirmarent.
652 1344 715 1418 ipse
730 1341 888 1400 Volturcio
901 1341 980 1398 litte·
994 1365 1004 1400 4

118 1436 177 1500 'res
204 1442 243 1499 od
271 1433 432 1500 Oetilincm
457 1441 517 1516 dat,
547 1460 674 1518 quarum
702 1439 871 1516 exemplum
901 1437 982 1496 infra

130 1539 276 1615 scriptum
299 1544 353 1596 est.
393 1536 403 1570 '‘
411 1537 485 1607 Quis
507 1537 564 1594 sim
586 1556 625 1595 ex
647 1556 787 1616 coquom
804 1535 842 1593 ad
863 1539 895 1594 tc
914 1535 1006 1594 misis

131 1654 294 1713 cognosces.
337 1634 385 1692 fac
406 1635 517 1710 cogites
544 1634 577 1691 in
597 1639 710 1709 quanta
738 1632 909 1691 calamitate
931 1631 980 1703 sis,

94 1760 118 1796 15
131 1738 162 1790 et
175 1732 344 1804 memineris
365 1737 395 1790 te
409 1731 508 1789 virum
527 1750 597 1788 esse.
642 1729 809 1788 consideres
825 1729 898 1806 quid
911 1734 982 1787 tuce
1039 1802 1042 1808 Ι

130 1832 261 1889 rationes
283 1830 444 1907 postulent.
489 1828 636 1887 auxilium
663 1834 748 1905 petes
772 1829 810 1885 ob
836 1827 981 1899 omnibus,
1040 1882 1044 1889 .

131 1929 223 1986 etism
246 1929 285 1987 ab
308 1929 441 1986 infimis'.
485 1926 601 1985 adhoc
625 1927 768 1984 mandato
793 1926 891 1984 verbis
911 1923 1008 1982 dates

131 2046 199 2083 cum
221 2026 259 2085 ob
281 2032 387 2084 senatu
411 2026 505 2084 hostis
528 2025 679 2083 iudicatus
703 2025 752 2096 sit,
778 2045 838 2101 quo
860 2023 983 2082 consilio

131 2123 255 2180 servitia
268 2122 424 2199 repudiet?
444 2122 476 2179 in
486 2123 559 2179 urbe
572 2127 679 2198 perata
689 2140 752 2179 esse
763 2141 839 2198 quae
852 2121 980 2178 iusserit.

94 2253 119 2279 ω
131 2240 170 2277 ne
192 2225 350 2277 cunctetur
368 2219 431 2295 ipse
447 2219 568 2295 propius
583 2217 731 2276 adsedere,
776 2217 823 2275 his
836 2218 925 2281 rebus
938 2217 983 2275 ita
994 2206 1040 2276 45

132 2317 215 2389 actis,
230 2317 395 2375 constituto
414 2323 501 2374 nocte
520 2335 579 2392 quc
595 2315 860 2392 proficiscerentur,
881 2315 983 2374 Cicero

75 2450 77 2454 ·
131 2434 186 2492 per
209 2415 322 2491 legatos
344 2419 452 2471 cuncta
473 2414 595 2472 edoctus
618 2413 650 2472 L
677 2413 800 2472 Valerio
823 2414 930 2473 Flacco
953 2421 985 2472 et

132 2512 164 2570 0.
194 2511 354 2588 Pomptino
380 2505 567 2587 praetorlbus
599 2511 742 2587 imperat¹
762 2516 798 2575 ut
830 2512 863 2569 in
893 2518 984 2589 ponte

132 2608 251 2667 Mulvio
271 2628 325 2685 per
346 2608 470 2666 insidias
490 2608 684 2685 Allobrogum
704 2610 864 2666 comitatus
885 2608 985 2685 depre-

94 2735 118 2772 25
132 2706 273 2765 hendant.
318 2726 380 2765 rem
403 2727 521 2765 omnem
540 2708 647 2784 aperit,
665 2707 750 2765 cuius
768 2707 866 2782 gratio
882 2707 983 2764 mitte-

131 2805 252 2877 bantur,
276 2811 382 2878 ceterc,
402 2804 450 2862 uti
469 2804 550 2862 facto
572 2822 646 2879 opus
670 2803 719 2874 sit,
741 2802 785 2860 ito
809 2807 901 2879 agant
918 2823 983 2880 per-

131 2901 237 2959 mittit.
301 2901 356 2972 illi,
391 2900 526 2959 homines
560 2900 712 2971 militares»,
750 2899 815 2958 sine
849 2900 1008 2958 tumultu2

131 2998 289 3077 praesidiis
313 2998 480 3071 conlocatis,
511 2998 600 3057 sicuti
627 3003 818 3076 praeceptum
839 3002 912 3070 erat,
937 3017 984 3056 oo-

132 3095 213 3154 culte
227 3099 349 3171 pontem
363 3095 513 3154 obsidunt.
557 3100 714 3171 postquem
725 3093 763 3152 od
777 3094 809 3151 id
823 3093 880 3152 loci
893 3095 985 3170 legati
998 3127 1009 3164 3

200 3318 229 3364 13
263 3315 321 3375 quis
334 3316 355 3363 0
366 3314 410 3375 qui
421 3316 493 3363 PGV
505 3314 611 3378 (Meoscl
623 3315 737 3362 Sclunclz
750 3314 907 3375 Scbeiudlerl

198 3399 230 3448 27
264 3395 302 3443 illi
314 3397 376 3444 with
388 3409 400 3444 s
412 3396 499 3444 crased
510 3397 533 3444 l’
544 3393 584 3443 illi
596 3394 627 3444 Pl
640 3394 697 3444 illis
709 3397 729 3444 (l
